3492 5242
822 637 917 716 tua.

312 844 314 846 ’
348 841 469 901 laterum
487 839 637 912 praetorii,
666 843 784 913 quaein
804 852 947 900 retentura
966 853 1133 914 percurrunt
1150 843 1232 911 (19),
1252 853 1385 914 occupant

349 940 426 1003 (34).
470 936 662 992 Quaestorium
681 938 770 1008 igitur
787 944 839 996 159
856 941 943 1011 pedes
961 937 1121 995 latitudinis
1136 935 1274 1006 accipiet.
1315 936 1386 990 non·

350 1048 415 1101 gum
430 1039 489 1097 est,
508 1039 538 1084 nt
555 1029 619 1100 ipsa
637 1035 800 1100 retentura,¹
814 1033 901 1104 pedes
918 1035 1061 1100 186(11.).
1096 1031 1158 1087 Qua
1174 1040 1271 1085 tamen
1290 1046 1330 1086 ex
1347 1045 1387 1101 pa·

350 1126 450 1179 datura
467 1122 501 1176 ad
522 1122 595 1178 niam
613 1122 771 1190 quintanam
791 1125 880 1195 pedes
899 1128 951 1180 119
968 1123 1098 1189 detraxi,
1131 1132 1161 1177 ut
1177 1132 1245 1177 ante
1264 1131 1388 1190 quaem·

350 1215 531 1271 rinmlornm
557 1232 649 1270 rernm
675 1217 838 1272 utensilium
857 1219 1025 1286 quadratum
1042 1217 1205 1271 efficeretur
1222 1215 1275 1282 (cf.
1293 1216 1331 1270 ad
1346 1216 1388 1276 9.).

351 1309 450 1376 Neque
469 1309 541 1363 enim
559 1308 679 1380 Polybii
699 1319 824 1380 ternpore
844 1313 1035 1379 quaestorium
1054 1308 1295 1377 usqueadviarn
1315 1310 1390 1378 qnin-
1427 1340 1430 1345 ·

352 1411 443 1456 tanam
467 1402 675 1459 extendebatur
693 1405 740 1468 (cl.
762 1421 790 1474 p.
811 1407 893 1472 131.)
947 1405 1067 1460 Prorsus
1093 1413 1184 1457 autem
1212 1402 1390 1468 temerarium

352 1505 407 1563 est,
438 1497 514 1564 quod
531 1497 597 1569 Roy
617 1498 674 1551 181.
700 1495 861 1564 quaestorio
886 1494 1004 1565 spatium
1028 1496 1169 1564 quoddam
1191 1495 1229 1550 ad
1250 1496 1390 1550 viam-sa·

352 1592 480 1659 gularcm
499 1590 711 1658 detrabit,-quo
730 1591 760 1644 in
778 1589 871 1660 spatio
890 1589 989 1661 copias
1007 1589 1141 1658 quasdam
1159 1590 1296 1644 collocat.

422 1685 466 1740 Ut
483 1685 620 1751 strigae
637 1691 804 1738 staturum
824 1681 992 1754 posticum
1011 1683 1186 1751 praeto-rii
1210 1685 1391 1754 proximae

352 1779 436 1848 sint]
462 1780 506 1849 Gi.
526 1782 567 1835 19.
586 1780 628 1834 99.
672 1776 718 1830 De
735 1775 888 1832 statoribus
908 1793 934 1832 v.
946 1778 1029 1833 'Hira
1049 1787 1115 1836 mut.
1134 1797 1161 1851 p.
1178 1781 1223 1836 61.
1269 1781 1318 1835 Do
1336 1795 1391 1834 cot·

352 1873 479 1930 rectione
496 1888 557 1926 mea
574 1872 610 1927 cf.
628 1870 696 1926 Vnr.
714 1870 792 1925 Lacr
810 1873 853 1938 tr,
871 1874 896 1926 6.
922 1873 966 1937 tt,
985 1875 1027 1929 16.
1052 1876 1095 1940 39,
1115 1877 1157 1929 19.
1192 1876 1341 1930 Particum
1357 1884 1393 1929 est

354 1967 398 2020 vel
424 1967 525 2021 ostium
553 1965 721 2034 posterioris
747 1965 836 2034 partis
860 1963 958 2018 domus
978 1965 1068 2030 (Fest.
1087 1983 1110 2021 s.
1130 1983 1156 2023 v.
1176 1984 1205 2038 p.
1225 1971 1319 2039 119),
1352 1968 1393 2024 rel

354 2062 420 2132 ipsa
438 2077 504 2131 pars
522 2059 663 2132 posterior
681 2059 778 2113 domus
796 2059 919 2128 (Nonius
937 2080 964 2131 p.
985 2063 1067 2129 111.)
1236 2039 1247 2055 “

411 2137 461 2209 'In
480 2171 548 2222 quo
566 2153 713 2208 maxime
732 2153 844 2220 legati
862 2154 1012 2208 hostium
1031 2165 1065 2210 et
1083 2154 1238 2224 obsides]
1270 2157 1392 2229 Lipsius,

354 2248 405 2316 qui
424 2249 491 2303 haec
509 2249 577 2304 citat
594 2249 629 2302 de
646 2248 705 2301 mil.
723 2248 803 2302 Rom.
816 2248 842 2313 5,
856 2250 882 2302 3.
901 2246 975 2317 Opp.
988 2249 1015 2310 3,
1028 2251 1102 2312 219..
1119 2248 1236 2307 scribit:
1263 2253 1300 2306 In
1318 2267 1393 2322 quae·

355 2349 454 2402 etorio.
500 2343 584 2398 Vidit
600 2342 690 2411 igitur
707 2352 785 2396 certe
802 2351 896 2409 recte,
925 2341 1071 2395 relativum
1089 2343 1124 2397 ad
1143 2347 1338 2414 quaestorium
1356 2361 1394 2400 ra-

269 2450 273 2457 ’
354 2441 499 2495 serendum
517 2456 593 2508 esse,
628 2454 684 2492 non
704 2437 739 2491 ad
754 2438 894 2507 poeticum
910 2439 1066 2504 praetorii,
1097 2456 1154 2508 qno
1176 2441 1341 2498 retulerunt
1354 2441 1394 2497 ni·

355 2536 416 2589 bilo
434 2534 525 2587 minus
542 2534 613 2587 Nast
630 2534 691 2587 181.
720 2531 828 2585 Planer
844 2533 889 2587 62.

294 2672 299 2679 .
405 2626 462 2683 ‘in
481 2625 700 2696 quaestorio]
728 2625 872 2680 Schelinm
891 2624 1053 2682 offendebat
1071 2626 1219 2697 repetitio,
1234 2646 1322 2698 -quae
1338 2647 1395 2687 eun

356 2741 411 2778 non
430 2723 611 2790 offendisset,
629 2722 654 2777 si
673 2731 752 2778 recte
768 2721 998 2792 interpunxisset.
1030 2724 1064 2776 In
1080 2725 1244 2791 quaestione
1258 2726 1332 2794 poni
1347 2740 1397 2794 qno

316 2877 318 2884 ,
356 2835 439 2876 sensu
458 2819 517 2873 dici
537 2819 563 2875 h.
581 2818 601 2873 l.
621 2818 729 2887 possit,
750 2831 804 2868 non
824 2814 915 2868 video.
951 2815 1054 2869 Totum
1072 2817 1163 2870 locum
1182 2818 1322 2874 vertendo
1340 2833 1397 2890 per·

357 2929 417 2970 sum
435 2914 516 2970 dedit
531 2915 602 2967 Nast
617 2914 677 2968 183.
716 2911 749 2965 ln
769 2910 929 2979 quaestorio
947 2909 1008 2964 sine
1026 2910 1114 2989 dnbio
1131 2911 1302 2970 servabatur
1319 2913 1397 2971 etlan

358 3018 528 3063 commeatus
545 3006 623 3073 (Pol.
642 3009 669 3072 6,
681 3007 753 3088 31).

846 3171 912 3224 lta.

427 3287 627 3354 Lateribus]
660 3264 738 3341 llaec
760 3285 914 3356 exscripsit
931 3285 1061 3356 Lipsius,
1095 3290 1128 3343 de
1151 3289 1311 3345 mimium.
1329 3291 1396 3362 ⁵0³
1432 3296 1434 3300 ’

359 3389 433 3456 opp.
454 3387 481 3452 a,
499 3385 559 3440 aas.
1090 3371 1095 3382 ‘

430 3479 576 3549 Duplam
593 3477 811 3548 pedaturam]
847 3476 1001 3547 Accipiunt
1024 3477 1113 3545 igitur
1137 3486 1276 3546 statores,
1309 3490 1341 3535 nt
1364 3494 1398 3533 er

360 3573 387 3626 ln.
407 3573 426 3628 1.
446 3580 563 3645 apparet
580 3575 675 3641 (anper
693 3588 775 3641 quos,
801 3569 877 3638 quod
896 3571 1036 3638 seqnitur,
1057 3571 1189 3641 intellige
1208 3571 1243 3626 ad
1263 3571 1338 3627 viam
1356 3589 1398 3628 aa·

359 3666 508 3736 gulanam),
543 3666 577 3720 ad
603 3667 676 3721 viam
695 3666 857 3734 quintanam
880 3676 996 3734 utroque
1017 3667 1106 3722 latere
1131 3666 1287 3734 quaestorii
1314 3667 1399 3738 pedes

359 3764 395 3817 69
414 3778 466 3833 per
485 3764 548 3817 116.
1237 3828 1241 3834 ,

428 3855 749 3933 Cohorspeditata
766 3857 1000 3926 quingenario
1024 3856 1080 3910 vel
1100 3852 1266 3925 equitata]
1300 3854 1346 3910 01.
1365 3854 1399 3908 da

361 3951 405 4003 bis
423 3951 498 4005 litet.
518 3957 583 4004 mot.
598 3953 646 4007 68.
690 3953 821 4022 Equitata
843 3961 873 4006 et
889 3951 1015 4022 peditatu
1032 3949 1062 4002 in
1087 3947 1328 4019 inscriptionibus
1345 3947 1401 4003 tre·

361 4044 542 4115 quentissime
561 4044 753 4112 inveniuntur,
786 4044 854 4098 boni
879 4044 1033 4114 scriptores
1051 4052 1190 4114 equestres
1209 4055 1238 4099 et
1257 4047 1401 4114 pedestres

361 4140 459 4196 dicunt
476 4139 565 4208 (Plio.
585 4141 637 4211 Ep.
658 4142 701 4208 10,
714 4143 772 4196 161.
794 4142 852 4195 198.
867 4141 970 4195 ·Amm.
988 4139 1077 4196 Marc.
1099 4141 1141 4208 tt,
1157 4143 1186 4208 1,
1204 4141 1272 4207 tn).

430 4235 537 4291 Pront
562 4234 699 4303 strigae
724 4234 930 4302 magnitudo
956 4234 1073 4303 luerit]
1109 4233 1140 4289 Si
1160 4235 1234 4290 enim
1256 4247 1402 4295 retentura
