3492 5242
618 1643 1157 1803 conuuurrnrusq
1240 1669 1242 1673 ’

351 2031 481 2146 Hygini
505 2071 573 2126 libri
598 2071 710 2127 initium
736 2072 847 2142 perisse
865 2071 914 2136 (cf.
933 2070 1007 2141 proi.
1032 2086 1061 2140 p.
1079 2060 1129 2138 to,
1148 2073 1188 2136 8.)
1196 2109 1206 2139 ,
1231 2088 1268 2127 ex
1292 2073 1392 2143 primis

351 2167 462 2235 verbis,
486 2171 557 2233 quae
574 2175 738 2236 supersunt,
768 2173 854 2235 patet·
899 2163 1032 2216 Etenim
1051 2165 1184 2219 transitus
1201 2166 1316 2222 formam
1335 2186 1393 2224 ma-

351 2263 454 2315 nifesto
477 2275 548 2330 prae
571 2277 602 2314 se
628 2260 723 2315 ierunt
747 2257 1056 2327 (cf.proi.159‚,l(il'.
1084 2268 1112 2312 et
1135 2259 1211 2329 Hyg.
1227 2264 1268 2316 tt.
1289 2265 1331 2318 16.
1348 2267 1391 2320 ³1.

350 2359 394 2413 34.
411 2358 455 2411 37.
473 2357 515 2411 88.
535 2356 600 2421 48).
653 2354 731 2410 Quae
756 2364 846 2407 autem
869 2367 916 2406 rea
935 2352 970 2406 ab
993 2361 1108 2404 auctore
1131 2365 1196 2426 ante
1220 2353 1393 2424 papilionum

350 2452 506 2505 tensionem
525 2458 643 2504 tractato
659 2449 711 2513 sit,
731 2447 866 2502 discimus
883 2464 921 2501 ex
940 2445 1036 2500 verbis
1051 2445 1205 2520 cohortium
1219 2464 1308 2516 cupra
1320 2452 1393 2520 nori·

348 2553 470 2617 ntorum.
507 2545 576 2598 Sine
595 2541 682 2596 dubio
701 2542 836 2611 Hyginus
859 2550 943 2594 nntea
966 2540 1123 2593 universam
1149 2540 1273 2607 legionis
1291 2541 1395 2597 Roma.

351 2656 402 2694 nee
420 2640 536 2692 sormam
554 2638 671 2703 ejusque
689 2649 741 2702 per
752 2634 884 2685 cobortes
901 2630 1129 2685 distributionem
1143 2645 1322 2701 exposuerat·
1347 2633 1394 2691 Si-

352 2733 460 2788 militer
479 2731 553 2785 enim
573 2727 745 2794 reliquarum
765 2739 880 2791 quoqne
898 2723 1043 2778 exercitus
1055 2725 1175 2779 Romani
1194 2727 1316 2794 partium
1334 2728 1395 2782 ior.

352 2843 422 2881 mam
442 2834 471 2880 et
494 2821 723 2879 distributionem
747 2817 878 2887 exponit,
916 2827 1063 2880 antequam
1087 2817 1124 2872 de
1147 2833 1243 2873 eornm
1267 2822 1396 2877 tensione

351 2921 479 2988 loquitur
502 2920 558 2985 (16.
576 2916 713 2974 ts-tut.
746 2911 841 2983 „Fieri
866 2908 972 2979 potuit,
1006 2922 1035 2964 ut
1060 2921 1172 2980 praeter
1200 2926 1234 2965 ea
1262 2915 1395 2968 nonnulla

351 3015 394 3068 ibi
415 3013 541 3068 traderet
558 3021 669 3076 auctor,
701 3023 859 3075 quanquam
878 3022 916 3060 ex
937 3006 1057 3059 servatis
1085 3006 1157 3060 nihii
1177 3008 1314 3074 ejusmodi
1334 3008 1395 3065 col·

350 3107 405 3175 ligi
423 3117 525 3177 potest
559 3105 679 3160 chnne'
690 3103 766 3158 enim
784 3087 1001 3173 (piilnlogiacie
1018 3100 1252 3170 Abiundlungen,
1271 3119 1301 3171 p.
1314 3104 1400 3169 tou),

351 3200 401 3268 qni
420 3201 532 3267 statuit,
561 3199 714 3271 Hyginum
730 3201 889 3254 universnm
907 3198 994 3253 totius
1012 3196 1158 3252 exercitus
1179 3197 1395 3266 dispositionem
1414 3260 1418 3270 ¹
1513 3199 1516 3206 '

350 3295 394 3369 ibi
406 3300 549 3358 tractasse,
566 3295 652 3348 narba
661 3297 778 3363 pontific
795 3296 955 3349 universnm
966 3294 1119 3349 exercitum
1131 3292 1193 3346 anie
1204 3293 1277 3347 lotia
1288 3295 1394 3349 conatu

352 3389 472 3450 tumus,
489 3386 738 3461 tatso.iuteltexit;
763 3384 843 3439 Zeiss
860 3395 952 3440 autem
971 3386 1152 3452 (Zeitacbrt'ft
1168 3388 1216 3452 fiir
1234 3388 1281 3443 dia
1297 3390 1395 3445 Alter·

350 3483 515 3538 tiumant‘aa.
536 3483 612 3536 1848.
631 3498 658 3551 p.
677 3483 753 3545 879.)
776 3479 945 3548 fragmentis
964 3480 1169 3544 mathematicis
1186 3482 1279 3536 locum
1298 3482 1326 3535 in
1346 3483 1396 3537 de-

350 3578 463 3650 perdita
479 3575 548 3629 iibri
567 3585 647 3646 parte
666 3592 720 3629 non
740 3573 932 3642 adsignatam,
961 3576 985 3628 si
1004 3591 1039 3628 ea
1061 3575 1218 3631 accuratius
1237 3566 1396 3633 examinas·

350 3682 409 3733 set,
443 3688 495 3724 nec
518 3685 578 3739 par.
596 3671 640 3724 45.
664 3670 737 3743 inlso
761 3672 906 3727 intellecta
931 3670 959 3723 in
988 3669 1113 3725 errorem
1137 3680 1213 3727 esset
1243 3671 1396 3742 perductus

350 3767 399 3834 (cf.
420 3764 492 3833 proi.
512 3765 598 3832 uas,
616 3765 665 3827 5.).
1236 3773 1240 3778 '

420 3860 510 3913 Totus
528 3868 619 3912 antem
638 3856 715 3912 iiber
732 3856 823 3912 tribus
843 3857 971 3927 partibus
991 3859 1151 3926 constabat,
1171 3874 1244 3926 quae
1262 3875 1397 3931 separan-

349 3964 396 4009 tur
415 3952 524 4006 dnobus
543 3951 630 4017 iocis,
666 3951 716 4004 nbi
739 3952 803 4022 ipse
821 3962 920 4007 auctor
941 3953 977 4007 de
1000 3953 1100 4008 libello
1120 3931 1304 4024 suoeJ'nsque
1327 3969 1396 4008 con·

351 4047 419 4100 silio
439 4046 566 4114 loquitur
584 4047 638 4112 (tt.
654 4046 830 4111 etis-im
867 4045 963 4099 Prima
981 4059 1061 4117 parte
1080 4047 1118 4103 id'
1129 4049 1199 4118 egit,
1219 4060 1251 4107 ut
1269 4049 1394 4116 singulo.

350 4155 413 4192 rum
431 4141 576 4196 exercitus
594 4151 805 4209 castrorumque
824 4143 945 4212 partium
962 4144 1086 4199 rationes
1106 4145 1225 4201 referret
1244 4154 1328 4213 atque
1345 4158 1396 4195 ex-

352 4245 472 4304 poneret
490 4236 537 4303 (ci.
557 4238 636 4324 ¹22),
653 4237 775 4291 secunda
797 4247 877 4310 perte
894 4250 1000 4294 certum
1016 4240 1154 4307 quendam
1173 4239 1329 4292 exercitum
1347 4234 1397 4291 da·

1140 4352 1184 4419 74

748 4483 769 4517 ἱ
