3492 5242
831 674 905 752 llil

422 871 535 926 Prout
552 899 584 911 —
603 873 783 943 effecerit]
812 837 981 947 corrigebat
999 877 1102 937 Sebele
1119 858 1258 955 essperia
1280 886 1331 941 sed
1344 891 1391 956 e!-

351 968 453 1032 fecen’t
477 967 623 1034 genuinam
652 970 803 1026 lectionem
827 987 890 1026 esse
912 982 1030 1043 apparet
1048 991 1085 1029 ex
1109 991 1160 1030 usu
1187 978 1292 1047 passivi
1319 983 1392 1048 effici

351 1062 408 1126 (ιο.
426 1060 488 1118 tat
580 1056 583 1062 “

422 1153 458 1206 ln
477 1168 543 1220 quo
564 1151 699 1207 tribuni
724 1155 925 1211 cohortium
948 1159 1213 1233 praetoriarum]
1247 1165 1330 1220 ilino·
1347 1183 1392 1222 se·
1485 1238 1488 1244 Ι

351 1243 458 1313 quitur,
477 1246 607 1300 tribunos
625 1248 780 1303 cohortium
792 1252 1005 1320 praetoriarum
1022 1255 1165 1324 dignitate
1178 1257 1287 1325 legetis
1301 1261 1392 1329 legio·

311 1351 314 1358 ·
351 1355 416 1392 num
435 1340 497 1394 lere
514 1340 647 1406 aequales
666 1341 762 1397 luisse.
789 1343 833 1398 Ol.
852 1348 927 1401 ilict.
942 1355 1009 1403 mut.
1029 1365 1057 1418 p.
1074 1352 1118 1404 (il.
1153 1350 1186 1407 ln
1199 1356 1318 1407 sca'mno
1335 1353 1393 1422 igi·

352 1444 399 1488 tur
416 1433 572 1502 legatorum
589 1449 684 1487 eoru-
702 1447 870 1505 castrorum,
903 1454 975 1505 quae
991 1441 1066 1495 inire
1085 1441 1244 1510 constituit,
1276 1445 1394 1502 tendunt

351 1525 438 1593 legati
458 1536 530 1591 tres,
566 1527 672 1582 tribuni
690 1542 812 1596 quuruor
830 1531 879 1598 (cl.
898 1533 966 1600 30).
1017 1533 1075 1588 Sed
1099 1535 1222 1591 lortaare
1244 1535 1273 1591 iu
1295 1538 1393 1594 eodem

351 1616 508 1672 tendebant
530 1629 559 1674 et
583 1612 745 1690 praelectus
769 1631 924 1679 castrorum
946 1636 975 1681 et
1001 1627 1161 1697 praefectus
1184 1628 1326 1705 fabrorum
1342 1634 1392 1700 (cl.

353 1715 694 1783 tamensuprep.132.)·
854 1725 856 1729 ’
1161 1731 1165 1738 “
1229 1758 1231 1765 ·
1282 1778 1285 1785 ,
1383 1727 1384 1731 ’

421 1805 600 1860 Similiter
618 1807 777 1862 tribunis
795 1808 985 1880 legionum]
1016 1811 1107 1869 Vnde
1123 1814 1170 1871 bis
1182 1818 1261 1872 -Hs'eu
1278 1826 1349 1875 mute
1362 1835 1392 1888 p.

351 1903 395 1958 22.
413 1904 458 1957 46.
472 1905 514 1958 80.
549 1901 686 1958 Tribunis
704 1918 722 1956 a
738 1902 877 1958 militibus
895 1905 1076 1961 tubernacule
1088 1909 1308 1968 collocabuntur
1322 1923 1394 1970 teste

353 1993 477 2062 Vegetio
495 1997 522 2063 3,
538 1997 564 2052 8.
576 2007 612 2050 et
631 1994 756 2066 Polybio
773 1999 801 2062 6,
818 1998 863 2052 33.

807 2148 945 2215 ‘.1n.‘
1048 2136 1064 2151 “

420 2280 519 2333 Nunc
538 2311 568 2323 -
587 2278 627 2332 au
646 2278 734 2332 stan
752 2244 1103 2351 ministramumppw
1127 2293 1329 2345 transeamus..
1348 2291 1394 2349 ne

351 2373 407 2427 elis
425 2373 559 2429 otfrido
578 2382 644 2428 mut.
660 2375 695 2428 21
714 2387 756 2439 sq.
782 2374 825 2427 5⁷.
843 2387 887 2439 sq·
906 2374 949 2428 92.
983 2375 1051 2443 :Sua
1077 2379 1139 2432 loco
1161 2393 1195 2451 se
1216 2383 1326 2448 referre
1344 2384 1393 2448 (cl.

351 2470 409 2532 22.)
433 2468 503 2523 dicit
527 2468 606 2522 alam·
627 2467 790 2534 miliarium,
828 2467 961 2534 quoniam
987 2469 1051 2525 alae
1076 2469 1169 2526 statim
1195 2477 1259 2544 post
1285 2490 1395 2532 wamma

353 2561 479 2617 tendunt
517 2581 520 2586 ·

422 2656 565 2708 Turmaa
584 2655 687 2708 babet
704 2651 861 2719 xxllll]
887 2653 934 2708 De
947 2655 1002 2709 ltoc
1015 2669 1132 2724 numero
1146 2659 1291 2717 dubitabat
1301 2661 1394 2722 scrin.

351 2751 382 2803 in
401 2759 457 2802 not.
476 2749 512 2801 ad
530 2749 602 2816 Veg.
620 2748 646 2809 2,
665 2751 690 2802 7.
727 2747 843 2804 Salanus.
862 2765 975 2818 qnoque
993 2751 1029 2805 ud
1050 2753 1135 2807 Treb.
1155 2754 1254 2810 Claud.
1268 2757 1313 2812 ll.
1329 2773 1394 2811 cor-

351 2841 465 2911 rigebat
488 2842 640 2909 xxxn,·
659 2841 809 2896 arbitratus
838 2841 985 2911 nimirum,
1021 2845 1083 2901 ulae
1114 2845 1254 2901 miliariae
1278 2847 1394 2918 duplum

350 2954 495 2993 numerum
526 2951 678 2992 turmarum
704 2939 769 2992 elue
800 2938 1005 3007 quingenariae
1038 2938 1229 3000 tribuendum
1250 2944 1327 3010 e‘sse,
1361 2942 1392 2996 id

351 3037 427 3105 quod
446 3036 658 3105 haudquaquam
673 3031 862 3089 necessarium
879 3049 941 3088 esse
957 3050 995 3086 ex
1012 3024 1224 3103 cooperatione
1236 3036 1394 3092 cohortium

351 3131 525 3199 equestrium
544 3143 573 3186 et
598 3130 771 3198 pedestrium
797 3130 983 3184 miliariurum
1006 3140 1039 3184 et.
1054 3129 1314 3197 quingenariarum-
1326 3147 1394 3204 pro-
1507 3176 1513 3189 .

350 3226 395 3279 dit
412 3227 466 3287 (27.
484 3229 548 3289 ab).
601 3226 696 3293 Atque
713 3240 845 3278 numerus
861 3222 982 3277 XXllll
999 3223 1116 3293 insuper
1133 3225 1329 3294 confirmatur,
1363 3236 1394 3280 ut

348 3318 454 3375 Schele
473 3317 560 3383 vidit,
583 3332 700 3370 numero
717 3331 852 3383 equorum
869 3315 1175 3385 supernumerariorum
1193 3316 1312 3377 xcvl„
1346 3319 1394 3377 ln·

350 3413 468 3482 geniosn
484 3421 526 3465 est
542 3410 651 3465 Schelii
670 3408 823 3474 sententia,
847 3408 899 3474 qui
918 3417 1034 3462 turmam
1053 3407 1171 3477 primam
1186 3412 1222 3467 ,80
1239 3409 1393 3479 hominum,

349 3517 456 3562 turmas
480 3505 607 3572 reliquas
629 3506 666 3558 10
689 3504 835 3557 hominnm
850 3502 940 3557 fuisse
966 3503 1096 3571 conjecit
1140 3504 1233 3560 Adert
1250 3515 1280 3560 et
1295 3507 1392 3559 anelo-

349 3599 426 3669 giem
453 3598 580 3667 equitum
605 3598 830 3667 legionariorum
857 3598 1048 3668 posteriorum
1074 3607 1228 3669 temporum
1253 3599 1293 3665 (r.
1313 3601 1390 3656 Hier.
1479 3606 1483 3613 “

348 3702 414 3749 mut.
435 3711 462 3763 p.
480 3669 551 3760 9⁰.)ss
569 3705 597 3749 et
615 3693 766 3763 pedaturae
784 3693 927 3748 rationem.
963 3692 1022 3747 Sed
1040 3691 1077 3747 de
1094 3692 1184 3764 duplo
1200 3709 1316 3748 numero
1334 3705 1393 3749 tur-

349 3805 410 3869 mae
427 3788 534 3859 primue
554 3787 685 3857 Hyginus
702 3804 758 3841 non
777 3787 927 3852 tacuisset,
953 3796 984 3841 et
1000 3787 1152 3858 pedaturae
1170 3786 1247 3844 ratio
1266 3804 1327 3844 cnm
1345 3804 1392 3844 ee-
1457 3825 1462 3829 -

349 3884 427 3952 quali
448 3899 564 3940 numero
582 3882 705 3938 omnium
723 3895 877 3938 turmarum
901 3883 986 3937 lacile
1003 3881 1183 3939 concilietur.
1227 3882 1392 3938 (lumenim
1486 3901 1497 3924 κ

329 3979 394 4046 ‚ale
417 3979 547 4033 miliaria·
563 3977 689 4045 quinque
707 3977 881 4046 semistrigiu
907 3976 996 4045 pedes
1012 3979 1065 4033 600
1082 3977 1168 4044 longe
1189 3977 1327 4049 occipiat,
1361 3979 1391 4032 in

348 4073 451 4142 quibus
469 4071 592 4140 singulis
614 4072 667 4126 200
683 4070 793 4138 equites
811 4069 927 4126 tendant
946 4071 1029 4138 (ab),
1064 4070 1198 4141 ponemus
1222 4072 1252 4124 in
1270 4082 1391 4139 quatuor

346 4165 528 4234 semistrigiis
547 4179 645 4219 revera
662 4163 764 4231 quinas
782 4174 900 4231 turmas,
933 4162 962 4216 in
980 4162 1081 4231 quinto
1098 4175 1237 4232 quatuor,
1266 4175 1312 4232 ut,
1340 4166 1390 4232 qui

348 4263 377 4315 in
396 4276 431 4314 eo
448 4245 592 4329 supersint
609 4259 698 4329 pedes
717 4259 781 4324 120,
807 4256 910 4313 dentur
927 4257 1073 4328 praelecto
1089 4259 1166 4329 eloe,
1193 4273 1277 4327 quem
1294 4260 1324 4313 in
1343 4276 1390 4316 ca-

1141 4393 1179 4460 11
