<?xml version="1.0" encoding="UTF-8"?>
<!DOCTYPE html PUBLIC "-//W3C//DTD XHTML 1.0 Transitional//EN"
    "http://www.w3.org/TR/xhtml1/DTD/xhtml1-transitional.dtd">
<html xmlns="http://www.w3.org/1999/xhtml" xml:lang="en" lang="en">
 <head>
  <title>
</title>
<meta http-equiv="Content-Type" content="text/html;charset=utf-8" />
  <meta name='ocr-system' content='tesseract 3.04.00' />
  <meta name='ocr-capabilities' content='ocr_page ocr_carea ocr_par ocr_line ocrx_word'/>
</head>
<body>
  <div class='ocr_page' id='page_1' title='image "./liberdemunition00hygigoog_0209.png"; bbox 0 0 3492 5242; ppageno 0'>
   <div class='ocr_carea' id='block_1_1' title="bbox 814 621 923 726">
    <p class='ocr_par' dir='ltr' id='par_1_1' title="bbox 814 621 923 726">
     <span class='ocr_line' id='line_1_1' title="bbox 814 621 923 726; baseline 0 0"><span class='ocrx_word' id='word_1_1' title='bbox 814 621 816 630; x_wconf 71' lang='lat'>‘</span> <span class='ocrx_word' id='word_1_2' title='bbox 840 649 923 726; x_wconf 82' lang='lat' dir='ltr'>rae</span> 
     </span>
    </p>
   </div>
   <div class='ocr_carea' id='block_1_2' title="bbox 311 851 1476 2422">
    <p class='ocr_par' dir='ltr' id='par_1_2' title="bbox 311 851 1476 2422">
     <span class='ocr_line' id='line_1_2' title="bbox 362 851 1476 931; baseline 0.008 -25"><span class='ocrx_word' id='word_1_3' title='bbox 362 861 513 920; x_wconf 83' lang='lat' dir='ltr'>nequeant.</span> <span class='ocrx_word' id='word_1_4' title='bbox 557 852 631 908; x_wconf 80' lang='lat' dir='ltr'>Quas</span> <span class='ocrx_word' id='word_1_5' title='bbox 651 851 705 931; x_wconf 85' lang='lat' dir='ltr'>qui</span> <span class='ocrx_word' id='word_1_6' title='bbox 730 853 887 924; x_wconf 85' lang='lat' dir='ltr'>promittit,</span> <span class='ocrx_word' id='word_1_7' title='bbox 917 854 1056 924; x_wconf 77' lang='lat' dir='ltr'>vegetius</span> <span class='ocrx_word' id='word_1_8' title='bbox 1073 857 1111 922; x_wconf 89' lang='grc'>(1,</span> <span class='ocrx_word' id='word_1_9' title='bbox 1129 855 1172 910; x_wconf 77' lang='grc'><strong>14.</strong></span> <span class='ocrx_word' id='word_1_10' title='bbox 1197 856 1296 924; x_wconf 62' lang='lat' dir='ltr'>M),</span> <span class='ocrx_word' id='word_1_11' title='bbox 1327 856 1404 925; x_wconf 87' lang='lat' dir='ltr'>vide,</span> <span class='ocrx_word' id='word_1_12' title='bbox 1474 908 1476 915; x_wconf 27' lang='lat'><strong><em>⁴</em></strong></span> 
     </span>
     <span class='ocr_line' id='line_1_3' title="bbox 361 945 1405 1020; baseline 0.005 -20"><span class='ocrx_word' id='word_1_13' title='bbox 361 957 494 1015; x_wconf 87' lang='lat' dir='ltr'>quantum</span> <span class='ocrx_word' id='word_1_14' title='bbox 513 947 609 1018; x_wconf 78' lang='lat' dir='ltr'>ipses</span> <span class='ocrx_word' id='word_1_15' title='bbox 627 960 689 1000; x_wconf 87' lang='lat' dir='ltr'>sese</span> <span class='ocrx_word' id='word_1_16' title='bbox 705 945 909 1004; x_wconf 83' lang='lat' dir='ltr'>duobus-locis</span> <span class='ocrx_word' id='word_1_17' title='bbox 927 948 1081 1020; x_wconf 74' lang='lat' dir='ltr'><strong>discrepet.</strong></span> <span class='ocrx_word' id='word_1_18' title='bbox 1121 949 1191 1002; x_wconf 86' lang='lat' dir='ltr'>Num</span> <span class='ocrx_word' id='word_1_19' title='bbox 1209 959 1405 1019; x_wconf 65' lang='lat' dir='ltr'>praeterquam</span> 
     </span>
     <span class='ocr_line' id='line_1_4' title="bbox 360 1038 1404 1115; baseline 0.006 -22"><span class='ocrx_word' id='word_1_20' title='bbox 360 1040 440 1108; x_wconf 84' lang='lat' dir='ltr'>quod</span> <span class='ocrx_word' id='word_1_21' title='bbox 462 1038 593 1093; x_wconf 85' lang='lat' dir='ltr'>minimae</span> <span class='ocrx_word' id='word_1_22' title='bbox 617 1053 764 1094; x_wconf 78' lang='lat' dir='ltr'>mensurae</span> <span class='ocrx_word' id='word_1_23' title='bbox 786 1040 860 1112; x_wconf 86' lang='lat' dir='ltr'>apud</span> <span class='ocrx_word' id='word_1_24' title='bbox 879 1057 943 1095; x_wconf 87' lang='lat' dir='ltr'>eum</span> <span class='ocrx_word' id='word_1_25' title='bbox 960 1052 1081 1110; x_wconf 85' lang='lat' dir='ltr'>utroque</span> <span class='ocrx_word' id='word_1_26' title='bbox 1104 1043 1169 1096; x_wconf 88' lang='lat' dir='ltr'>loco</span> <span class='ocrx_word' id='word_1_27' title='bbox 1187 1043 1313 1099; x_wconf 84' lang='lat' dir='ltr'>minores</span> <span class='ocrx_word' id='word_1_28' title='bbox 1329 1049 1404 1115; x_wconf 83' lang='lat' dir='ltr'>sunt,</span> 
     </span>
     <span class='ocr_line' id='line_1_5' title="bbox 359 1134 1404 1206; baseline 0.004 -16"><span class='ocrx_word' id='word_1_29' title='bbox 359 1150 445 1205; x_wconf 86' lang='lat' dir='ltr'>quam</span> <span class='ocrx_word' id='word_1_30' title='bbox 463 1135 537 1205; x_wconf 87' lang='lat' dir='ltr'>apud</span> <span class='ocrx_word' id='word_1_31' title='bbox 553 1134 713 1206; x_wconf 80' lang='lat' dir='ltr'><strong>Hyginum,</strong></span> <span class='ocrx_word' id='word_1_32' title='bbox 731 1138 838 1203; x_wconf 74' lang='lat' dir='ltr'>futuam</span> <span class='ocrx_word' id='word_1_33' title='bbox 856 1137 1067 1202; x_wconf 70' lang='lat' dir='ltr'>tumultuariam</span> <span class='ocrx_word' id='word_1_34' title='bbox 1087 1137 1136 1201; x_wconf 85' lang='lat' dir='ltr'>(ci.</span> <span class='ocrx_word' id='word_1_35' title='bbox 1152 1153 1237 1206; x_wconf 83' lang='lat' dir='ltr'>apere</span> <span class='ocrx_word' id='word_1_36' title='bbox 1254 1141 1404 1195; x_wconf 79' lang='lat' dir='ltr'>tumultua-</span> 
     </span>
     <span class='ocr_line' id='line_1_6' title="bbox 313 1228 1403 1303; baseline 0.001 -17"><span class='ocrx_word' id='word_1_37' title='bbox 313 1233 315 1237; x_wconf 79' lang='grc'>’</span> <span class='ocrx_word' id='word_1_38' title='bbox 360 1233 409 1286; x_wconf 80' lang='lat' dir='ltr'>ric</span> <span class='ocrx_word' id='word_1_39' title='bbox 435 1235 531 1284; x_wconf 78' lang='lat' dir='ltr'>castre</span> <span class='ocrx_word' id='word_1_40' title='bbox 556 1231 668 1284; x_wconf 83' lang='lat' dir='ltr'>vallare</span> <span class='ocrx_word' id='word_1_41' title='bbox 688 1229 780 1283; x_wconf 78' lang='lat' dir='ltr'>Anum.</span> <span class='ocrx_word' id='word_1_42' title='bbox 805 1228 895 1285; x_wconf 82' lang='lat' dir='ltr'>Marc.</span> <span class='ocrx_word' id='word_1_43' title='bbox 918 1230 1022 1299; x_wconf 62' lang='lat' dir='ltr'>um,</span> <span class='ocrx_word' id='word_1_44' title='bbox 1039 1230 1082 1296; x_wconf 84' lang='grc'><strong>3.)</strong></span> <span class='ocrx_word' id='word_1_45' title='bbox 1110 1229 1204 1284; x_wconf 80' lang='lat' dir='ltr'>altero</span> <span class='ocrx_word' id='word_1_46' title='bbox 1231 1232 1294 1286; x_wconf 86' lang='lat' dir='ltr'>lucu</span> <span class='ocrx_word' id='word_1_47' title='bbox 1319 1233 1403 1303; x_wconf 67' lang='lat' dir='ltr'>istan</span> 
     </span>
     <span class='ocr_line' id='line_1_7' title="bbox 359 1321 1403 1395; baseline 0.002 -16"><span class='ocrx_word' id='word_1_48' title='bbox 359 1337 424 1379; x_wconf 88' lang='lat' dir='ltr'>esse</span> <span class='ocrx_word' id='word_1_49' title='bbox 450 1323 539 1395; x_wconf 87' lang='lat' dir='ltr'>pedes</span> <span class='ocrx_word' id='word_1_50' title='bbox 561 1322 703 1392; x_wconf 85' lang='lat' dir='ltr'>quinque,</span> <span class='ocrx_word' id='word_1_51' title='bbox 733 1322 816 1377; x_wconf 82' lang='lat' dir='ltr'>altam</span> <span class='ocrx_word' id='word_1_52' title='bbox 837 1321 1005 1392; x_wconf 83' lang='lat' dir='ltr'>pedestres</span> <span class='ocrx_word' id='word_1_53' title='bbox 1023 1325 1098 1389; x_wconf 87' lang='lat' dir='ltr'>(sunt</span> <span class='ocrx_word' id='word_1_54' title='bbox 1114 1323 1226 1394; x_wconf 88' lang='lat' dir='ltr'>Hygini</span> <span class='ocrx_word' id='word_1_55' title='bbox 1246 1329 1403 1394; x_wconf 83' lang='lat' dir='ltr'>mensurae)</span> 
     </span>
     <span class='ocr_line' id='line_1_8' title="bbox 358 1399 1404 1487; baseline 0 -15"><span class='ocrx_word' id='word_1_56' title='bbox 358 1416 446 1478; x_wconf 80' lang='lat' dir='ltr'>dicit,</span> <span class='ocrx_word' id='word_1_57' title='bbox 471 1418 563 1472; x_wconf 86' lang='lat' dir='ltr'>altero</span> <span class='ocrx_word' id='word_1_58' title='bbox 581 1417 647 1470; x_wconf 87' lang='lat' dir='ltr'>loco</span> <span class='ocrx_word' id='word_1_59' title='bbox 663 1399 755 1471; x_wconf 78' lang='lat' dir='ltr'>eidem</span> <span class='ocrx_word' id='word_1_60' title='bbox 771 1414 951 1469; x_wconf 86' lang='lat' dir='ltr'>latitudinem</span> <span class='ocrx_word' id='word_1_61' title='bbox 969 1414 1071 1485; x_wconf 87' lang='lat' dir='ltr'>pedum</span> <span class='ocrx_word' id='word_1_62' title='bbox 1090 1432 1203 1487; x_wconf 84' lang='lat' dir='ltr'>nouem,</span> <span class='ocrx_word' id='word_1_63' title='bbox 1225 1419 1404 1474; x_wconf 79' lang='lat' dir='ltr'>altitudinem</span> 
     </span>
     <span class='ocr_line' id='line_1_9' title="bbox 358 1508 1404 1582; baseline 0.004 -16"><span class='ocrx_word' id='word_1_64' title='bbox 358 1511 462 1582; x_wconf 83' lang='lat' dir='ltr'>pedum</span> <span class='ocrx_word' id='word_1_65' title='bbox 486 1511 595 1580; x_wconf 83' lang='lat' dir='ltr'>septem</span> <span class='ocrx_word' id='word_1_66' title='bbox 612 1508 722 1567; x_wconf 85' lang='lat' dir='ltr'>tribuit.</span> <span class='ocrx_word' id='word_1_67' title='bbox 766 1509 983 1581; x_wconf 78' lang='lat' dir='ltr'>Nequemagis</span> <span class='ocrx_word' id='word_1_68' title='bbox 1007 1510 1064 1566; x_wconf 85' lang='lat' dir='ltr'>sibi</span> <span class='ocrx_word' id='word_1_69' title='bbox 1089 1522 1197 1567; x_wconf 86' lang='lat' dir='ltr'>constat</span> <span class='ocrx_word' id='word_1_70' title='bbox 1216 1512 1247 1565; x_wconf 87' lang='lat' dir='ltr'>iu</span> <span class='ocrx_word' id='word_1_71' title='bbox 1265 1514 1404 1570; x_wconf 84' lang='lat' dir='ltr'>mansuris</span> 
     </span>
     <span class='ocr_line' id='line_1_10' title="bbox 311 1596 1404 1677; baseline 0.001 -17"><span class='ocrx_word' id='word_1_72' title='bbox 311 1654 314 1659; x_wconf 90' lang='lat'>.</span> <span class='ocrx_word' id='word_1_73' title='bbox 358 1609 455 1673; x_wconf 75' lang='lat' dir='ltr'>{omae</span> <span class='ocrx_word' id='word_1_74' title='bbox 479 1605 621 1674; x_wconf 72' lang='lat' dir='ltr'>legitimae</span> <span class='ocrx_word' id='word_1_75' title='bbox 639 1603 689 1670; x_wconf 85' lang='lat' dir='ltr'>(ci.</span> <span class='ocrx_word' id='word_1_76' title='bbox 706 1600 808 1677; x_wconf 71' lang='lat' dir='ltr'>suuper</span> <span class='ocrx_word' id='word_1_77' title='bbox 833 1599 989 1676; x_wconf 72' lang='grc' dir='ltr'>ὁλόκληρον,</span> <span class='ocrx_word' id='word_1_78' title='bbox 1022 1600 1158 1670; x_wconf 62' lang='lat' dir='ltr'>&amp;tirum</span> <span class='ocrx_word' id='word_1_79' title='bbox 1180 1603 1264 1668; x_wconf 76' lang='grc' dir='ltr'><strong><em>φάσσα</em></strong></span> <span class='ocrx_word' id='word_1_80' title='bbox 1282 1607 1342 1660; x_wconf 87' lang='lat' dir='ltr'>Leo</span> <span class='ocrx_word' id='word_1_81' title='bbox 1360 1596 1404 1674; x_wconf 79' lang='lat' dir='ltr'>ss,</span> 
     </span>
     <span class='ocr_line' id='line_1_11' title="bbox 357 1684 1472 1773; baseline 0 -17"><span class='ocrx_word' id='word_1_82' title='bbox 357 1701 407 1766; x_wconf 72' lang='grc'><strong>8.).</strong></span> <span class='ocrx_word' id='word_1_83' title='bbox 447 1684 570 1752; x_wconf 83' lang='lat' dir='ltr'>Prorsus</span> <span class='ocrx_word' id='word_1_84' title='bbox 592 1695 723 1750; x_wconf 86' lang='lat' dir='ltr'>diuersae</span> <span class='ocrx_word' id='word_1_85' title='bbox 744 1710 893 1765; x_wconf 71' lang='lat' dir='ltr'>mensurae</span> <span class='ocrx_word' id='word_1_86' title='bbox 914 1707 981 1752; x_wconf 88' lang='lat' dir='ltr'>suut</span> <span class='ocrx_word' id='word_1_87' title='bbox 1003 1698 1076 1769; x_wconf 89' lang='lat' dir='ltr'>apud</span> <span class='ocrx_word' id='word_1_88' title='bbox 1100 1698 1218 1768; x_wconf 84' lang='lat' dir='ltr'>Juseph.</span> <span class='ocrx_word' id='word_1_89' title='bbox 1237 1700 1271 1754; x_wconf 91' lang='lat' dir='ltr'>B.</span> <span class='ocrx_word' id='word_1_90' title='bbox 1289 1700 1357 1754; x_wconf 78' lang='lat' dir='ltr'>iud.</span> <span class='ocrx_word' id='word_1_91' title='bbox 1374 1703 1403 1766; x_wconf 83' lang='grc'>3,</span> <span class='ocrx_word' id='word_1_92' title='bbox 1422 1771 1425 1773; x_wconf 65' lang='lat'>‚</span> <span class='ocrx_word' id='word_1_93' title='bbox 1470 1718 1472 1723; x_wconf 92' lang='grc'><strong><em>·</em></strong></span> 
     </span>
     <span class='ocr_line' id='line_1_12' title="bbox 357 1786 1469 1864; baseline 0 -17"><span class='ocrx_word' id='word_1_94' title='bbox 357 1794 387 1860; x_wconf 78' lang='grc' dir='ltr'>ὅ,</span> <span class='ocrx_word' id='word_1_95' title='bbox 404 1793 430 1848; x_wconf 82' lang='grc'><strong>3.</strong></span> <span class='ocrx_word' id='word_1_96' title='bbox 449 1802 479 1847; x_wconf 90' lang='lat' dir='ltr'>et</span> <span class='ocrx_word' id='word_1_97' title='bbox 495 1791 570 1862; x_wconf 77' lang='lat' dir='ltr'>apud</span> <span class='ocrx_word' id='word_1_98' title='bbox 587 1791 710 1845; x_wconf 65' lang='lat' dir='ltr'>honen</span> <span class='ocrx_word' id='word_1_99' title='bbox 730 1793 773 1859; x_wconf 89' lang='grc'>11,</span> <span class='ocrx_word' id='word_1_100' title='bbox 791 1793 843 1860; x_wconf 80' lang='grc'><strong>15.,</strong></span> <span class='ocrx_word' id='word_1_101' title='bbox 862 1801 947 1860; x_wconf 84' lang='lat' dir='ltr'>utque</span> <span class='ocrx_word' id='word_1_102' title='bbox 965 1808 1003 1848; x_wconf 86' lang='lat' dir='ltr'>ex</span> <span class='ocrx_word' id='word_1_103' title='bbox 1019 1793 1143 1848; x_wconf 79' lang='lat' dir='ltr'>arbitrio</span> <span class='ocrx_word' id='word_1_104' title='bbox 1160 1793 1231 1847; x_wconf 85' lang='lat' dir='ltr'>haec</span> <span class='ocrx_word' id='word_1_105' title='bbox 1248 1793 1402 1864; x_wconf 85' lang='lat' dir='ltr'>imperato·</span> <span class='ocrx_word' id='word_1_106' title='bbox 1466 1786 1469 1790; x_wconf 68' lang='grc'><strong>’</strong></span> 
     </span>
     <span class='ocr_line' id='line_1_13' title="bbox 357 1883 1403 1964; baseline 0.004 -24"><span class='ocrx_word' id='word_1_107' title='bbox 357 1902 421 1940; x_wconf 86' lang='lat' dir='ltr'>rum</span> <span class='ocrx_word' id='word_1_108' title='bbox 439 1887 590 1941; x_wconf 84' lang='lat' dir='ltr'>constituta</span> <span class='ocrx_word' id='word_1_109' title='bbox 607 1899 684 1952; x_wconf 87' lang='lat' dir='ltr'>esse,</span> <span class='ocrx_word' id='word_1_110' title='bbox 713 1883 830 1951; x_wconf 86' lang='lat' dir='ltr'>quaevis</span> <span class='ocrx_word' id='word_1_111' title='bbox 848 1884 953 1954; x_wconf 87' lang='lat' dir='ltr'>pagina</span> <span class='ocrx_word' id='word_1_112' title='bbox 969 1885 1169 1942; x_wconf 86' lang='lat' dir='ltr'>historicorum</span> <span class='ocrx_word' id='word_1_113' title='bbox 1189 1888 1280 1942; x_wconf 80' lang='lat' dir='ltr'>ducet.</span> <span class='ocrx_word' id='word_1_114' title='bbox 1316 1889 1403 1964; x_wconf 73' lang='lat' dir='ltr'>Cete-</span> 
     </span>
     <span class='ocr_line' id='line_1_14' title="bbox 357 1961 1402 2050; baseline 0.003 -17"><span class='ocrx_word' id='word_1_115' title='bbox 357 1996 420 2033; x_wconf 82' lang='lat' dir='ltr'>mm</span> <span class='ocrx_word' id='word_1_116' title='bbox 446 1979 634 2034; x_wconf 81' lang='lat' dir='ltr'>observabant</span> <span class='ocrx_word' id='word_1_117' title='bbox 655 1977 686 2032; x_wconf 91' lang='lat' dir='ltr'>in</span> <span class='ocrx_word' id='word_1_118' title='bbox 711 1961 756 2031; x_wconf 81' lang='lat' dir='ltr'>his</span> <span class='ocrx_word' id='word_1_119' title='bbox 780 1978 922 2032; x_wconf 83' lang='lat' dir='ltr'>mensuris</span> <span class='ocrx_word' id='word_1_120' title='bbox 947 1994 1091 2033; x_wconf 84' lang='lat' dir='ltr'>numerum</span> <span class='ocrx_word' id='word_1_121' title='bbox 1117 1980 1271 2050; x_wconf 87' lang='lat' dir='ltr'>imparem,</span> <span class='ocrx_word' id='word_1_122' title='bbox 1308 1981 1402 2037; x_wconf 84' lang='lat' dir='ltr'>nteit</span> 
     </span>
     <span class='ocr_line' id='line_1_15' title="bbox 357 2069 1402 2142; baseline -0.001 -13"><span class='ocrx_word' id='word_1_123' title='bbox 357 2073 434 2142; x_wconf 81' lang='lat' dir='ltr'>Veg.</span> <span class='ocrx_word' id='word_1_124' title='bbox 450 2075 477 2140; x_wconf 90' lang='grc'>3,</span> <span class='ocrx_word' id='word_1_125' title='bbox 495 2076 537 2138; x_wconf 87' lang='grc'><strong>8.,</strong></span> <span class='ocrx_word' id='word_1_126' title='bbox 562 2070 592 2125; x_wconf 86' lang='lat' dir='ltr'>id</span> <span class='ocrx_word' id='word_1_127' title='bbox 613 2070 689 2139; x_wconf 85' lang='lat' dir='ltr'>quod</span> <span class='ocrx_word' id='word_1_128' title='bbox 707 2088 744 2127; x_wconf 88' lang='lat' dir='ltr'>eu</span> <span class='ocrx_word' id='word_1_129' title='bbox 762 2069 855 2125; x_wconf 89' lang='lat' dir='ltr'>minus</span> <span class='ocrx_word' id='word_1_130' title='bbox 872 2081 1030 2140; x_wconf 86' lang='lat' dir='ltr'>suspectum</span> <span class='ocrx_word' id='word_1_131' title='bbox 1049 2087 1112 2126; x_wconf 86' lang='lat' dir='ltr'>esse</span> <span class='ocrx_word' id='word_1_132' title='bbox 1130 2072 1225 2139; x_wconf 87' lang='lat' dir='ltr'>debet,</span> <span class='ocrx_word' id='word_1_133' title='bbox 1254 2073 1330 2142; x_wconf 87' lang='lat' dir='ltr'>quod</span> <span class='ocrx_word' id='word_1_134' title='bbox 1347 2074 1402 2128; x_wconf 87' lang='lat' dir='ltr'>uli·</span> 
     </span>
     <span class='ocr_line' id='line_1_16' title="bbox 356 2164 1402 2241; baseline 0.002 -21"><span class='ocrx_word' id='word_1_135' title='bbox 356 2167 434 2220; x_wconf 80' lang='lat' dir='ltr'>uude</span> <span class='ocrx_word' id='word_1_136' title='bbox 451 2181 566 2241; x_wconf 80' lang='lat' dir='ltr'>quoquc</span> <span class='ocrx_word' id='word_1_137' title='bbox 582 2164 701 2234; x_wconf 85' lang='lat' dir='ltr'>scimus,</span> <span class='ocrx_word' id='word_1_138' title='bbox 719 2182 850 2220; x_wconf 85' lang='lat' dir='ltr'>numeros</span> <span class='ocrx_word' id='word_1_139' title='bbox 867 2167 991 2236; x_wconf 89' lang='lat' dir='ltr'>impares</span> <span class='ocrx_word' id='word_1_140' title='bbox 1008 2165 1066 2220; x_wconf 88' lang='lat' dir='ltr'>diis</span> <span class='ocrx_word' id='word_1_141' title='bbox 1080 2168 1265 2235; x_wconf 87' lang='lat' dir='ltr'>jucundiores</span> <span class='ocrx_word' id='word_1_142' title='bbox 1283 2168 1402 2222; x_wconf 88' lang='lat' dir='ltr'>homiui-</span> 
     </span>
     <span class='ocr_line' id='line_1_17' title="bbox 357 2255 1403 2332; baseline 0.001 -18"><span class='ocrx_word' id='word_1_143' title='bbox 357 2261 466 2328; x_wconf 85' lang='lat' dir='ltr'>busque</span> <span class='ocrx_word' id='word_1_144' title='bbox 491 2262 690 2332; x_wconf 88' lang='lat' dir='ltr'>prosperiores</span> <span class='ocrx_word' id='word_1_145' title='bbox 712 2258 892 2313; x_wconf 85' lang='lat' dir='ltr'>existimatos</span> <span class='ocrx_word' id='word_1_146' title='bbox 911 2255 975 2311; x_wconf 80' lang='lat' dir='ltr'>esse</span> <span class='ocrx_word' id='word_1_147' title='bbox 992 2257 1090 2324; x_wconf 86' lang='lat' dir='ltr'>(Virg.</span> <span class='ocrx_word' id='word_1_148' title='bbox 1108 2259 1172 2314; x_wconf 87' lang='lat' dir='ltr'>Ecl.</span> <span class='ocrx_word' id='word_1_149' title='bbox 1191 2263 1218 2328; x_wconf 84' lang='lat'>8,</span> <span class='ocrx_word' id='word_1_150' title='bbox 1237 2263 1279 2314; x_wconf 77' lang='grc'><strong>75.</strong></span> <span class='ocrx_word' id='word_1_151' title='bbox 1303 2260 1403 2328; x_wconf 85' lang='lat' dir='ltr'>ibique</span> 
     </span>
     <span class='ocr_line' id='line_1_18' title="bbox 355 2349 1401 2422; baseline -0.003 -12"><span class='ocrx_word' id='word_1_152' title='bbox 355 2353 486 2410; x_wconf 82' lang='lat' dir='ltr'>Servius.</span> <span class='ocrx_word' id='word_1_153' title='bbox 504 2355 579 2409; x_wconf 79' lang='lat' dir='ltr'>Fest.</span> <span class='ocrx_word' id='word_1_154' title='bbox 599 2369 621 2408; x_wconf 87' lang='lat' dir='ltr'>s.</span> <span class='ocrx_word' id='word_1_155' title='bbox 639 2369 665 2409; x_wconf 86' lang='lat' dir='ltr'>v.</span> <span class='ocrx_word' id='word_1_156' title='bbox 689 2352 826 2422; x_wconf 79' lang='lat' dir='ltr'>imparem</span> <span class='ocrx_word' id='word_1_157' title='bbox 845 2366 872 2420; x_wconf 86' lang='lat' dir='ltr'>p.</span> <span class='ocrx_word' id='word_1_158' title='bbox 892 2351 952 2404; x_wconf 85' lang='lat'>1⁰9.</span> <span class='ocrx_word' id='word_1_159' title='bbox 988 2349 1116 2404; x_wconf 78' lang='lat' dir='ltr'>Macron.</span> <span class='ocrx_word' id='word_1_160' title='bbox 1135 2350 1194 2405; x_wconf 87' lang='lat' dir='ltr'>Sat.</span> <span class='ocrx_word' id='word_1_161' title='bbox 1214 2355 1239 2419; x_wconf 90' lang='lat'>1,</span> <span class='ocrx_word' id='word_1_162' title='bbox 1259 2355 1300 2408; x_wconf 95' lang='grc'><strong>13.</strong></span> <span class='ocrx_word' id='word_1_163' title='bbox 1329 2354 1401 2407; x_wconf 78' lang='lat' dir='ltr'>Gen-</span> 
     </span>
    </p>
   </div>
   <div class='ocr_carea' id='block_1_3' title="bbox 355 2444 1509 2512">
    <p class='ocr_par' dir='ltr' id='par_1_3' title="bbox 355 2444 1509 2512">
     <span class='ocr_line' id='line_1_19' title="bbox 355 2444 1509 2512; baseline 0.001 -10"><span class='ocrx_word' id='word_1_164' title='bbox 355 2449 446 2503; x_wconf 89' lang='lat' dir='ltr'>soriu.</span> <span class='ocrx_word' id='word_1_165' title='bbox 464 2447 502 2500; x_wconf 88' lang='lat' dir='ltr'>D.</span> <span class='ocrx_word' id='word_1_166' title='bbox 521 2447 586 2501; x_wconf 85' lang='lat' dir='ltr'>Nat.</span> <span class='ocrx_word' id='word_1_167' title='bbox 603 2447 670 2510; x_wconf 75' lang='lat' dir='ltr'>uu).</span> <span class='ocrx_word' id='word_1_168' title='bbox 719 2447 781 2512; x_wconf 87' lang='lat' dir='ltr'>Nec</span> <span class='ocrx_word' id='word_1_169' title='bbox 806 2454 897 2500; x_wconf 86' lang='lat' dir='ltr'>tamen</span> <span class='ocrx_word' id='word_1_170' title='bbox 924 2459 984 2497; x_wconf 86' lang='lat' dir='ltr'>eam</span> <span class='ocrx_word' id='word_1_171' title='bbox 1010 2444 1135 2512; x_wconf 83' lang='lat' dir='ltr'>regulam</span> <span class='ocrx_word' id='word_1_172' title='bbox 1162 2456 1215 2500; x_wconf 88' lang='lat' dir='ltr'>tam</span> <span class='ocrx_word' id='word_1_173' title='bbox 1241 2458 1402 2503; x_wconf 87' lang='lat' dir='ltr'>constanter</span> <span class='ocrx_word' id='word_1_174' title='bbox 1506 2452 1509 2459; x_wconf 82' lang='grc'><strong>’</strong></span> 
     </span>
    </p>
   </div>
   <div class='ocr_carea' id='block_1_4' title="bbox 285 2537 1423 4303">
    <p class='ocr_par' dir='ltr' id='par_1_4' title="bbox 285 2537 1423 4303">
     <span class='ocr_line' id='line_1_20' title="bbox 355 2537 1400 2610; baseline 0.001 -15"><span class='ocrx_word' id='word_1_175' title='bbox 355 2541 533 2596; x_wconf 84' lang='lat' dir='ltr'>observatam</span> <span class='ocrx_word' id='word_1_176' title='bbox 552 2555 615 2594; x_wconf 89' lang='lat' dir='ltr'>esse</span> <span class='ocrx_word' id='word_1_177' title='bbox 630 2537 790 2605; x_wconf 78' lang='lat' dir='ltr'>statuerim,</span> <span class='ocrx_word' id='word_1_178' title='bbox 810 2548 840 2593; x_wconf 89' lang='lat' dir='ltr'>ut</span> <span class='ocrx_word' id='word_1_179' title='bbox 857 2549 1011 2609; x_wconf 88' lang='lat' dir='ltr'>propterea</span> <span class='ocrx_word' id='word_1_180' title='bbox 1027 2539 1137 2595; x_wconf 88' lang='lat' dir='ltr'>numeri</span> <span class='ocrx_word' id='word_1_181' title='bbox 1156 2555 1253 2610; x_wconf 87' lang='lat' dir='ltr'>pares,</span> <span class='ocrx_word' id='word_1_182' title='bbox 1272 2540 1321 2607; x_wconf 91' lang='lat' dir='ltr'>qui</span> <span class='ocrx_word' id='word_1_183' title='bbox 1339 2558 1400 2596; x_wconf 90' lang='lat' dir='ltr'>sae·</span> 
     </span>
     <span class='ocr_line' id='line_1_21' title="bbox 355 2631 1400 2705; baseline 0.002 -17"><span class='ocrx_word' id='word_1_184' title='bbox 355 2634 422 2705; x_wconf 87' lang='lat' dir='ltr'>pius</span> <span class='ocrx_word' id='word_1_185' title='bbox 448 2632 646 2700; x_wconf 83' lang='lat' dir='ltr'>inveniuntur,</span> <span class='ocrx_word' id='word_1_186' title='bbox 682 2642 713 2686; x_wconf 91' lang='lat' dir='ltr'>ut</span> <span class='ocrx_word' id='word_1_187' title='bbox 736 2631 812 2702; x_wconf 87' lang='lat' dir='ltr'>apud</span> <span class='ocrx_word' id='word_1_188' title='bbox 832 2631 923 2701; x_wconf 87' lang='lat' dir='ltr'>ipsum</span> <span class='ocrx_word' id='word_1_189' title='bbox 942 2632 1086 2704; x_wconf 85' lang='lat' dir='ltr'>Hyginum</span> <span class='ocrx_word' id='word_1_190' title='bbox 1110 2633 1139 2685; x_wconf 91' lang='lat' dir='ltr'>in</span> <span class='ocrx_word' id='word_1_191' title='bbox 1160 2634 1228 2688; x_wconf 82' lang='lat' dir='ltr'>valli</span> <span class='ocrx_word' id='word_1_192' title='bbox 1251 2636 1400 2703; x_wconf 86' lang='lat' dir='ltr'>mensuris,</span> 
     </span>
     <span class='ocr_line' id='line_1_22' title="bbox 354 2723 1398 2800; baseline 0.001 -17"><span class='ocrx_word' id='word_1_193' title='bbox 354 2727 523 2796; x_wconf 85' lang='lat' dir='ltr'>corrigendi</span> <span class='ocrx_word' id='word_1_194' title='bbox 541 2735 646 2782; x_wconf 86' lang='lat' dir='ltr'>essent.</span> <span class='ocrx_word' id='word_1_195' title='bbox 690 2724 821 2796; x_wconf 83' lang='lat' dir='ltr'>Hyginus</span> <span class='ocrx_word' id='word_1_196' title='bbox 846 2723 876 2777; x_wconf 89' lang='lat' dir='ltr'>iu</span> <span class='ocrx_word' id='word_1_197' title='bbox 896 2724 1019 2779; x_wconf 87' lang='lat' dir='ltr'>minimis</span> <span class='ocrx_word' id='word_1_198' title='bbox 1038 2726 1174 2781; x_wconf 84' lang='lat' dir='ltr'>mensuris</span> <span class='ocrx_word' id='word_1_199' title='bbox 1191 2728 1285 2783; x_wconf 80' lang='lat' dir='ltr'>fossae</span> <span class='ocrx_word' id='word_1_200' title='bbox 1302 2730 1398 2800; x_wconf 90' lang='lat' dir='ltr'>prola-</span> 
     </span>
     <span class='ocr_line' id='line_1_23' title="bbox 355 2816 1398 2889; baseline 0.002 -15"><span class='ocrx_word' id='word_1_201' title='bbox 355 2822 394 2878; x_wconf 84' lang='lat' dir='ltr'>tis</span> <span class='ocrx_word' id='word_1_202' title='bbox 417 2820 599 2889; x_wconf 80' lang='lat' dir='ltr'>acquiescere</span> <span class='ocrx_word' id='word_1_203' title='bbox 626 2827 737 2889; x_wconf 84' lang='lat' dir='ltr'>poterat</span> <span class='ocrx_word' id='word_1_204' title='bbox 759 2816 843 2870; x_wconf 87' lang='lat' dir='ltr'>etium</span> <span class='ocrx_word' id='word_1_205' title='bbox 868 2827 1036 2886; x_wconf 85' lang='lat' dir='ltr'>propterea,</span> <span class='ocrx_word' id='word_1_206' title='bbox 1071 2819 1148 2886; x_wconf 87' lang='lat' dir='ltr'>quud</span> <span class='ocrx_word' id='word_1_207' title='bbox 1172 2822 1288 2888; x_wconf 64' lang='lat' dir='ltr'>maioris</span> <span class='ocrx_word' id='word_1_208' title='bbox 1306 2823 1398 2879; x_wconf 81' lang='lat' dir='ltr'>fossae</span> 
     </span>
     <span class='ocr_line' id='line_1_24' title="bbox 354 2913 1311 2988; baseline -0.001 -17"><span class='ocrx_word' id='word_1_209' title='bbox 354 2932 502 2971; x_wconf 83' lang='lat' dir='ltr'>mensurae</span> <span class='ocrx_word' id='word_1_210' title='bbox 520 2933 558 2970; x_wconf 82' lang='lat' dir='ltr'>ex</span> <span class='ocrx_word' id='word_1_211' title='bbox 576 2914 619 2970; x_wconf 88' lang='lat' dir='ltr'>eis</span> <span class='ocrx_word' id='word_1_212' title='bbox 637 2924 805 2981; x_wconf 86' lang='lat' dir='ltr'>sequuntur,</span> <span class='ocrx_word' id='word_1_213' title='bbox 833 2929 907 2980; x_wconf 90' lang='lat' dir='ltr'>quae</span> <span class='ocrx_word' id='word_1_214' title='bbox 925 2929 992 2966; x_wconf 86' lang='lat' dir='ltr'>mox</span> <span class='ocrx_word' id='word_1_215' title='bbox 1011 2913 1047 2967; x_wconf 89' lang='lat' dir='ltr'>de</span> <span class='ocrx_word' id='word_1_216' title='bbox 1066 2915 1142 2970; x_wconf 87' lang='lat' dir='ltr'>vallo</span> <span class='ocrx_word' id='word_1_217' title='bbox 1161 2915 1311 2988; x_wconf 82' lang='lat' dir='ltr'>praecipit.</span> 
     </span>
     <span class='ocr_line' id='line_1_25' title="bbox 310 3006 1396 3081; baseline 0.004 -17"><span class='ocrx_word' id='word_1_218' title='bbox 310 3023 312 3026; x_wconf 81' lang='grc'><strong>’</strong></span> <span class='ocrx_word' id='word_1_219' title='bbox 423 3007 626 3078; x_wconf 85' lang='lat' dir='ltr'>Regressis]</span> <span class='ocrx_word' id='word_1_220' title='bbox 662 3007 733 3064; x_wconf 89' lang='lat' dir='ltr'>Sine</span> <span class='ocrx_word' id='word_1_221' title='bbox 750 3022 834 3065; x_wconf 82' lang='lat' dir='ltr'>ceusu</span> <span class='ocrx_word' id='word_1_222' title='bbox 851 3022 928 3062; x_wconf 88' lang='lat' dir='ltr'>corr.</span> <span class='ocrx_word' id='word_1_223' title='bbox 948 3006 1054 3062; x_wconf 87' lang='lat' dir='ltr'>Schele</span> <span class='ocrx_word' id='word_1_224' title='bbox 1072 3009 1203 3079; x_wconf 76' lang='lat' dir='ltr'>Equeseu.</span> <span class='ocrx_word' id='word_1_225' title='bbox 1232 3008 1275 3065; x_wconf 83' lang='lat' dir='ltr'>Gi.</span> <span class='ocrx_word' id='word_1_226' title='bbox 1295 3027 1322 3081; x_wconf 91' lang='lat' dir='ltr'>p.</span> <span class='ocrx_word' id='word_1_227' title='bbox 1338 3013 1396 3069; x_wconf 78' lang='lat'>122.</span> 
     </span>
     <span class='ocr_line' id='line_1_26' title="bbox 424 3101 1398 3177; baseline 0.001 -19"><span class='ocrx_word' id='word_1_228' title='bbox 424 3106 522 3163; x_wconf 81' lang='lat' dir='ltr'>Quod</span> <span class='ocrx_word' id='word_1_229' title='bbox 546 3112 693 3177; x_wconf 84' lang='lat' dir='ltr'>propter</span> <span class='ocrx_word' id='word_1_230' title='bbox 711 3102 920 3156; x_wconf 86' lang='lat' dir='ltr'>brevitatem</span> <span class='ocrx_word' id='word_1_231' title='bbox 947 3101 1092 3157; x_wconf 86' lang='lat' dir='ltr'>titulum</span> <span class='ocrx_word' id='word_1_232' title='bbox 1119 3102 1398 3171; x_wconf 82' lang='lat' dir='ltr'>cognominatum</span> 
     </span>
     <span class='ocr_line' id='line_1_27' title="bbox 354 3197 1397 3270; baseline -0.002 -15"><span class='ocrx_word' id='word_1_233' title='bbox 354 3201 419 3269; x_wconf 88' lang='lat' dir='ltr'>est]</span> <span class='ocrx_word' id='word_1_234' title='bbox 453 3201 549 3255; x_wconf 84' lang='lat' dir='ltr'>Minus</span> <span class='ocrx_word' id='word_1_235' title='bbox 570 3208 701 3253; x_wconf 85' lang='lat' dir='ltr'>accurate</span> <span class='ocrx_word' id='word_1_236' title='bbox 724 3197 857 3270; x_wconf 83' lang='lat' dir='ltr'>Hyginus</span> <span class='ocrx_word' id='word_1_237' title='bbox 880 3212 941 3250; x_wconf 86' lang='lat' dir='ltr'>eam</span> <span class='ocrx_word' id='word_1_238' title='bbox 965 3198 1067 3253; x_wconf 83' lang='lat' dir='ltr'>fossam</span> <span class='ocrx_word' id='word_1_239' title='bbox 1093 3207 1211 3268; x_wconf 84' lang='lat' dir='ltr'>propter</span> <span class='ocrx_word' id='word_1_240' title='bbox 1235 3199 1397 3253; x_wconf 77' lang='lat' dir='ltr'>breuitatem</span> 
     </span>
     <span class='ocr_line' id='line_1_28' title="bbox 352 3290 1397 3363; baseline -0.003 -14"><span class='ocrx_word' id='word_1_241' title='bbox 352 3295 404 3363; x_wconf 79' lang='lat' dir='ltr'>(ci.</span> <span class='ocrx_word' id='word_1_242' title='bbox 421 3295 569 3349; x_wconf 79' lang='lat' dir='ltr'>breuitatis</span> <span class='ocrx_word' id='word_1_243' title='bbox 586 3310 673 3348; x_wconf 84' lang='lat' dir='ltr'>causa</span> <span class='ocrx_word' id='word_1_244' title='bbox 691 3293 765 3363; x_wconf 87' lang='lat' dir='ltr'>apud</span> <span class='ocrx_word' id='word_1_245' title='bbox 785 3292 885 3347; x_wconf 85' lang='lat' dir='ltr'>Front.</span> <span class='ocrx_word' id='word_1_246' title='bbox 904 3290 1034 3358; x_wconf 81' lang='lat' dir='ltr'>Aquaed.</span> <span class='ocrx_word' id='word_1_247' title='bbox 1056 3294 1111 3359; x_wconf 85' lang='grc'><strong>18.)</strong></span> <span class='ocrx_word' id='word_1_248' title='bbox 1137 3291 1245 3346; x_wconf 85' lang='lat' dir='ltr'>titulum</span> <span class='ocrx_word' id='word_1_249' title='bbox 1270 3293 1397 3363; x_wconf 88' lang='lat' dir='ltr'>appella·</span> 
     </span>
     <span class='ocr_line' id='line_1_29' title="bbox 349 3383 1398 3455; baseline -0.004 -11"><span class='ocrx_word' id='word_1_250' title='bbox 349 3399 413 3444; x_wconf 81' lang='lat' dir='ltr'>tum</span> <span class='ocrx_word' id='word_1_251' title='bbox 432 3403 496 3443; x_wconf 87' lang='lat' dir='ltr'>esse</span> <span class='ocrx_word' id='word_1_252' title='bbox 518 3387 598 3444; x_wconf 88' lang='lat' dir='ltr'>dicit.</span> <span class='ocrx_word' id='word_1_253' title='bbox 643 3387 716 3442; x_wconf 86' lang='lat' dir='ltr'>Nam</span> <span class='ocrx_word' id='word_1_254' title='bbox 741 3403 779 3440; x_wconf 86' lang='lat' dir='ltr'>ex</span> <span class='ocrx_word' id='word_1_255' title='bbox 795 3385 935 3439; x_wconf 84' lang='lat' dir='ltr'>brevitate</span> <span class='ocrx_word' id='word_1_256' title='bbox 954 3383 1115 3455; x_wconf 80' lang='lat' dir='ltr'>explicetur</span> <span class='ocrx_word' id='word_1_257' title='bbox 1140 3385 1211 3439; x_wconf 89' lang='lat' dir='ltr'>nihil</span> <span class='ocrx_word' id='word_1_258' title='bbox 1231 3385 1285 3440; x_wconf 88' lang='lat' dir='ltr'>nisi</span> <span class='ocrx_word' id='word_1_259' title='bbox 1308 3386 1398 3443; x_wconf 81' lang='lat' dir='ltr'>forma</span> 
     </span>
     <span class='ocr_line' id='line_1_30' title="bbox 354 3464 1396 3552; baseline 0 -16"><span class='ocrx_word' id='word_1_260' title='bbox 354 3481 534 3538; x_wconf 86' lang='lat' dir='ltr'>deminutiua.</span> <span class='ocrx_word' id='word_1_261' title='bbox 579 3481 647 3552; x_wconf 88' lang='lat' dir='ltr'>Ipsa</span> <span class='ocrx_word' id='word_1_262' title='bbox 670 3496 726 3533; x_wconf 86' lang='lat' dir='ltr'>vox</span> <span class='ocrx_word' id='word_1_263' title='bbox 750 3479 844 3549; x_wconf 87' lang='lat' dir='ltr'>potius</span> <span class='ocrx_word' id='word_1_264' title='bbox 861 3494 880 3532; x_wconf 87' lang='lat' dir='ltr'>a</span> <span class='ocrx_word' id='word_1_265' title='bbox 896 3480 994 3535; x_wconf 78' lang='lat' dir='ltr'>tuendo</span> <span class='ocrx_word' id='word_1_266' title='bbox 1018 3478 1201 3547; x_wconf 59' lang='lat' dir='ltr'>ducebatur„</span> <span class='ocrx_word' id='word_1_267' title='bbox 1223 3464 1332 3547; x_wconf 72' lang='lat' dir='ltr'>Titulus</span> <span class='ocrx_word' id='word_1_268' title='bbox 1352 3483 1396 3536; x_wconf 87' lang='lat' dir='ltr'>vel</span> 
     </span>
     <span class='ocr_line' id='line_1_31' title="bbox 352 3570 1395 3643; baseline -0.001 -12"><span class='ocrx_word' id='word_1_269' title='bbox 352 3577 457 3631; x_wconf 72' lang='lat' dir='ltr'>mulus</span> <span class='ocrx_word' id='word_1_270' title='bbox 474 3574 634 3643; x_wconf 90' lang='lat' dir='ltr'>complures</span> <span class='ocrx_word' id='word_1_271' title='bbox 655 3573 727 3628; x_wconf 86' lang='lat' dir='ltr'>alias</span> <span class='ocrx_word' id='word_1_272' title='bbox 745 3570 972 3640; x_wconf 86' lang='lat' dir='ltr'>significationes</span> <span class='ocrx_word' id='word_1_273' title='bbox 989 3571 1118 3625; x_wconf 86' lang='lat' dir='ltr'>habebat.</span> <span class='ocrx_word' id='word_1_274' title='bbox 1145 3571 1188 3627; x_wconf 77' lang='lat' dir='ltr'>(if.</span> <span class='ocrx_word' id='word_1_275' title='bbox 1206 3572 1307 3628; x_wconf 88' lang='lat' dir='ltr'>Festus</span> <span class='ocrx_word' id='word_1_276' title='bbox 1324 3589 1347 3628; x_wconf 79' lang='lat' dir='ltr'>s.</span> <span class='ocrx_word' id='word_1_277' title='bbox 1368 3592 1395 3632; x_wconf 84' lang='lat' dir='ltr'>v.</span> 
     </span>
     <span class='ocr_line' id='line_1_32' title="bbox 352 3664 1397 3740; baseline -0.003 -15"><span class='ocrx_word' id='word_1_278' title='bbox 352 3685 381 3740; x_wconf 82' lang='lat' dir='ltr'>p.</span> <span class='ocrx_word' id='word_1_279' title='bbox 399 3670 461 3726; x_wconf 81' lang='grc'><strong>366.</strong></span> <span class='ocrx_word' id='word_1_280' title='bbox 508 3669 598 3723; x_wconf 75' lang='lat' dir='ltr'>Tituli</span> <span class='ocrx_word' id='word_1_281' title='bbox 616 3668 722 3722; x_wconf 73' lang='lat' dir='ltr'>milites</span> <span class='ocrx_word' id='word_1_282' title='bbox 741 3665 933 3736; x_wconf 80' lang='lat' dir='ltr'>appellentur,</span> <span class='ocrx_word' id='word_1_283' title='bbox 962 3664 1042 3733; x_wconf 83' lang='lat' dir='ltr'>quast&#39;</span> <span class='ocrx_word' id='word_1_284' title='bbox 1059 3665 1156 3726; x_wconf 79' lang='lat' dir='ltr'>tuteli,</span> <span class='ocrx_word' id='word_1_285' title='bbox 1182 3666 1254 3736; x_wconf 78' lang='lat' dir='ltr'>quud</span> <span class='ocrx_word' id='word_1_286' title='bbox 1269 3669 1397 3736; x_wconf 76' lang='lat' dir='ltr'>putrium</span> 
     </span>
     <span class='ocr_line' id='line_1_33' title="bbox 352 3759 1396 3830; baseline 0 -12"><span class='ocrx_word' id='word_1_287' title='bbox 352 3771 510 3829; x_wconf 82' lang='lat' dir='ltr'>tuerentur,</span> <span class='ocrx_word' id='word_1_288' title='bbox 540 3764 612 3817; x_wconf 77' lang='lat' dir='ltr'>unde</span> <span class='ocrx_word' id='word_1_289' title='bbox 634 3770 661 3823; x_wconf 80' lang='lat' dir='ltr'>et</span> <span class='ocrx_word' id='word_1_290' title='bbox 682 3761 741 3816; x_wconf 75' lang='lat' dir='ltr'>Tui</span> <span class='ocrx_word' id='word_1_291' title='bbox 760 3777 932 3830; x_wconf 82' lang='lat' dir='ltr'>praenomen</span> <span class='ocrx_word' id='word_1_292' title='bbox 951 3766 1043 3814; x_wconf 81' lang='lat' dir='ltr'>urium</span> <span class='ocrx_word' id='word_1_293' title='bbox 1066 3766 1118 3815; x_wconf 78' lang='lat' dir='ltr'>est.</span> <span class='ocrx_word' id='word_1_294' title='bbox 1155 3759 1240 3815; x_wconf 81' lang='lat' dir='ltr'>Varr.</span> <span class='ocrx_word' id='word_1_295' title='bbox 1260 3760 1294 3813; x_wconf 79' lang='lat' dir='ltr'>L.</span> <span class='ocrx_word' id='word_1_296' title='bbox 1315 3761 1349 3816; x_wconf 85' lang='lat' dir='ltr'>L.</span> <span class='ocrx_word' id='word_1_297' title='bbox 1370 3765 1396 3830; x_wconf 80' lang='lat' dir='ltr'>t,</span> 
     </span>
     <span class='ocr_line' id='line_1_34' title="bbox 285 3842 1396 3928; baseline -0.002 -15"><span class='ocrx_word' id='word_1_298' title='bbox 285 3842 286 3845; x_wconf 8' lang='grc' dir='ltr'><strong>Ἴ</strong></span> <span class='ocrx_word' id='word_1_299' title='bbox 352 3858 396 3912; x_wconf 89' lang='grc'><strong>44.</strong></span> <span class='ocrx_word' id='word_1_300' title='bbox 424 3858 549 3914; x_wconf 81' lang='lat' dir='ltr'>Tutulute’</span> <span class='ocrx_word' id='word_1_301' title='bbox 565 3860 636 3914; x_wconf 72' lang='lat' dir='ltr'>uictu·</span> <span class='ocrx_word' id='word_1_302' title='bbox 653 3858 691 3920; x_wconf 72' lang='lat' dir='ltr'>it,</span> <span class='ocrx_word' id='word_1_303' title='bbox 710 3857 758 3928; x_wconf 78' lang='lat' dir='ltr'>qui</span> <span class='ocrx_word' id='word_1_304' title='bbox 774 3859 805 3914; x_wconf 81' lang='lat' dir='ltr'>in</span> <span class='ocrx_word' id='word_1_305' title='bbox 822 3859 918 3913; x_wconf 71' lang='lat' dir='ltr'>sumis</span> <span class='ocrx_word' id='word_1_306' title='bbox 936 3859 966 3912; x_wconf 82' lang='lat' dir='ltr'>t&#39;n</span> <span class='ocrx_word' id='word_1_307' title='bbox 983 3856 1121 3927; x_wconf 77' lang='lat' dir='ltr'>capitibus</span> <span class='ocrx_word' id='word_1_308' title='bbox 1139 3854 1241 3909; x_wconf 66' lang='lat' dir='ltr'>nubem</span> <span class='ocrx_word' id='word_1_309' title='bbox 1258 3856 1349 3910; x_wconf 80' lang='lat' dir='ltr'>scient</span> <span class='ocrx_word' id='word_1_310' title='bbox 1367 3864 1396 3913; x_wconf 85' lang='lat' dir='ltr'>ut</span> 
     </span>
     <span class='ocr_line' id='line_1_35' title="bbox 351 3949 1396 4024; baseline -0.003 -18"><span class='ocrx_word' id='word_1_311' title='bbox 351 3960 469 4021; x_wconf 78' lang='lat' dir='ltr'>metam3</span> <span class='ocrx_word' id='word_1_312' title='bbox 500 3955 532 4008; x_wconf 76' lang='lat' dir='ltr'>iu</span> <span class='ocrx_word' id='word_1_313' title='bbox 548 3954 648 4010; x_wconf 83' lang='lat' dir='ltr'>titulus</span> <span class='ocrx_word' id='word_1_314' title='bbox 667 3954 825 4024; x_wconf 79' lang='lat' dir='ltr'>appellatus</span> <span class='ocrx_word' id='word_1_315' title='bbox 843 3956 879 4009; x_wconf 79' lang='lat' dir='ltr'>ab</span> <span class='ocrx_word' id='word_1_316' title='bbox 896 3971 943 4017; x_wconf 85' lang='lat' dir='ltr'>ee,</span> <span class='ocrx_word' id='word_1_317' title='bbox 972 3952 1045 4022; x_wconf 81' lang='lat' dir='ltr'>quud</span> <span class='ocrx_word' id='word_1_318' title='bbox 1060 3956 1167 4005; x_wconf 80' lang='lat' dir='ltr'>matres</span> <span class='ocrx_word' id='word_1_319' title='bbox 1188 3949 1320 4017; x_wconf 71' lang='lat' dir='ltr'>familiae</span> <span class='ocrx_word' id='word_1_320' title='bbox 1336 3949 1396 4004; x_wconf 83' lang='lat' dir='ltr'>cri·</span> 
     </span>
     <span class='ocr_line' id='line_1_36' title="bbox 351 4043 1423 4120; baseline -0.003 -19"><span class='ocrx_word' id='word_1_321' title='bbox 351 4064 400 4103; x_wconf 82' lang='lat' dir='ltr'>nee</span> <span class='ocrx_word' id='word_1_322' title='bbox 418 4050 581 4102; x_wconf 80' lang='lat' dir='ltr'>convolutus</span> <span class='ocrx_word' id='word_1_323' title='bbox 601 4051 639 4103; x_wconf 82' lang='lat' dir='ltr'>ud</span> <span class='ocrx_word' id='word_1_324' title='bbox 655 4051 788 4106; x_wconf 75' lang='lat' dir='ltr'>uerticem</span> <span class='ocrx_word' id='word_1_325' title='bbox 810 4049 915 4120; x_wconf 79' lang='lat' dir='ltr'>cupitis</span> <span class='ocrx_word' id='word_1_326' title='bbox 940 4064 1007 4118; x_wconf 81' lang='lat' dir='ltr'>quos</span> <span class='ocrx_word' id='word_1_327' title='bbox 1024 4044 1122 4099; x_wconf 73' lang='lat' dir='ltr'>iubent</span> <span class='ocrx_word' id='word_1_328' title='bbox 1140 4043 1211 4099; x_wconf 78' lang='lat' dir='ltr'>vitiu</span> <span class='ocrx_word' id='word_1_329' title='bbox 1229 4047 1336 4100; x_wconf 81' lang='lat' dir='ltr'>uelatos</span> <span class='ocrx_word' id='word_1_330' title='bbox 1352 4044 1395 4099; x_wconf 76' lang='lat' dir='ltr'>ui·</span> <span class='ocrx_word' id='word_1_331' title='bbox 1420 4097 1423 4113; x_wconf 63' lang='grc'>,</span> 
     </span>
     <span class='ocr_line' id='line_1_37' title="bbox 350 4139 1398 4215; baseline -0.003 -21"><span class='ocrx_word' id='word_1_332' title='bbox 350 4143 485 4196; x_wconf 73' lang='lat' dir='ltr'>nubuntur</span> <span class='ocrx_word' id='word_1_333' title='bbox 510 4143 608 4210; x_wconf 74' lang='lat' dir='ltr'>tetuli,</span> <span class='ocrx_word' id='word_1_334' title='bbox 642 4144 701 4198; x_wconf 78' lang='lat' dir='ltr'>siue</span> <span class='ocrx_word' id='word_1_335' title='bbox 718 4146 752 4199; x_wconf 79' lang='lat' dir='ltr'>ab</span> <span class='ocrx_word' id='word_1_336' title='bbox 777 4161 824 4211; x_wconf 88' lang='lat' dir='ltr'>eu,</span> <span class='ocrx_word' id='word_1_337' title='bbox 864 4143 952 4215; x_wconf 81' lang='lat' dir='ltr'>quati,</span> <span class='ocrx_word' id='word_1_338' title='bbox 991 4139 1161 4196; x_wconf 73' lang='lat' dir='ltr'>altissimum</span> <span class='ocrx_word' id='word_1_339' title='bbox 1187 4139 1217 4194; x_wconf 83' lang='lat' dir='ltr'>t‘u</span> <span class='ocrx_word' id='word_1_340' title='bbox 1235 4141 1303 4194; x_wconf 76' lang='lat' dir='ltr'>urbe</span> <span class='ocrx_word' id='word_1_341' title='bbox 1326 4139 1398 4208; x_wconf 76' lang='lat' dir='ltr'>quud</span> 
     </span>
     <span class='ocr_line' id='line_1_38' title="bbox 350 4233 1398 4303; baseline -0.004 -14"><span class='ocrx_word' id='word_1_342' title='bbox 350 4241 407 4301; x_wconf 80' lang='lat' dir='ltr'>eet,</span> <span class='ocrx_word' id='word_1_343' title='bbox 435 4252 505 4300; x_wconf 77' lang='lat' dir='ltr'>arx,</span> <span class='ocrx_word' id='word_1_344' title='bbox 537 4237 706 4293; x_wconf 78' lang='lat' dir='ltr'>tutissimum</span> <span class='ocrx_word' id='word_1_345' title='bbox 730 4245 856 4292; x_wconf 83' lang='lat' dir='ltr'>uocatur.</span> <span class='ocrx_word' id='word_1_346' title='bbox 893 4235 993 4301; x_wconf 84' lang='lat' dir='ltr'>Festus</span> <span class='ocrx_word' id='word_1_347' title='bbox 1012 4251 1038 4303; x_wconf 80' lang='lat' dir='ltr'>p.</span> <span class='ocrx_word' id='word_1_348' title='bbox 1056 4236 1117 4293; x_wconf 77' lang='lat'><strong>³55.</strong></span> <span class='ocrx_word' id='word_1_349' title='bbox 1151 4235 1278 4289; x_wconf 76' lang='lat' dir='ltr'>Tutuluue</span> <span class='ocrx_word' id='word_1_350' title='bbox 1296 4233 1398 4286; x_wconf 79' lang='lat' dir='ltr'>euceri</span> 
     </span>
    </p>
   </div>
   <div class='ocr_carea' id='block_1_5' title="bbox 0 0 1750 5242">
    <p class='ocr_par' dir='ltr' id='par_1_5' title="bbox 0 0 1750 5242">
     <span class='ocr_line' id='line_1_39' title="bbox 0 0 1750 5242; baseline 0 4"><span class='ocrx_word' id='word_1_351' title='bbox 0 0 1750 5242; x_wconf 95' lang='lat' dir='ltr'> </span> 
     </span>
    </p>
   </div>
  </div>
 </body>
</html>
