3492 5242
831 663 909 747 152

289 934 291 940 Ι
355 862 449 934 purius
472 865 592 917 tandm.
649 864 731 920 Vetat
757 866 846 934 igitur
869 867 1002 939 Hyginus
1028 886 1140 925 numero
1164 870 1315 941 equitasse
1344 870 1387 938 qni

355 955 429 1013 intro
446 972 584 1013 numerum
604 959 719 1021 trusit,
736 960 874 1031 integrum
893 963 1090 1041 semistrigium
1107 963 1265 1032 adsignari.
1305 962 1388 1019 Abla·

355 1056 427 1108 tivus
447 1052 629 1120 remirtrr'pr'ir
646 1052 706 1111 ruis
725 1068 768 1109 est
786 1056 904 1122 localis,
924 1068 953 1111 ut
970 1059 1089 1129 inteprr‘s
1108 1059 1208 1128 arripis
1225 1061 1253 1115 8·
1273 1059 1301 1112 9.
1320 1058 1388 1113 fote·

353 1148 432 1201 ribus
449 1156 476 1199 et
493 1144 599 1215 similia
617 1144 841 1211 frequentissime
861 1163 1039 1220 usurpantur.

421 1239 586 1296 Quoniam
621 1238 850 1295 officialibus
883 1245 994 1298 lateri
1024 1242 1178 1300 sinistro
1214 1242 1390 1312 proximis

353 1335 404 1388 ibi
428 1333 598 1404 pedatura
621 1333 838 1402 adsignetur]
876 1336 922 1390 De
946 1336 1122 1404 conjunctivo
1146 1337 1184 1391 cf.
1202 1336 1239 1390 ad
1257 1341 1282 1392 5.
1322 1339 1389 1405 Om-

352 1430 440 1484 riulee
457 1437 519 1482 sunt
538 1427 664 1482 homines
683 1430 712 1481 in
730 1430 851 1486 diversis
869 1430 988 1497 officiis,
999 1440 1002 1444 ’
1015 1448 1087 1499 quae
1105 1433 1265 1502 Imperator
1280 1433 1311 1485 in
1329 1433 1388 1488 bel-

352 1522 418 1577 licis
436 1521 663 1592 expeditionibus
681 1539 774 1578 secum
793 1526 929 1593 babebat,
964 1525 1094 1596 occupati
1112 1523 1217 1595 (span.
1238 1527 1306 1581 Ant.
1324 1525 1386 1580 Gar.

351 1621 377 1673 6.
396 1617 488 1687 Capit.
507 1619 570 1669 Ant.
589 1616 706 1674 Phila.
724 1618 839 1687 Lampr.
859 1617 923 1672 Seu.
942 1619 987 1670 Al.
1004 1620 1069 1683 32).
1106 1617 1285 1688 Quapropter
1301 1617 1387 1673 Sebe-

352 1711 380 1768 le
397 1712 433 1766 de
451 1710 586 1766 vocabulo
609 1709 675 1763 hinc
692 1710 864 1780 expellendo
889 1710 1013 1777 cogitare
1037 1725 1090 1763 non
1114 1709 1221 1764 debuit.
1261 1710 1332 1764 Nast
1348 1717 1386 1780 (p.

352 1806 425 1867 ⁶286.)
444 1803 540 1856 vertit:
578 1802 774 1866 Generolrtad,
808 1810 836 1854 et
854 1801 928 1854 inter
952 1800 1090 1857 officiales
1113 1814 1240 1856 numerat
1265 1803 1387 1872 lictores,

351 1897 473 1960 scribas,
492 1911 658 1967 praecones,
675 1895 858 1962 interpretes,
876 1909 1011 1961 augures,
1030 1890 1152 1962 nuntior,
1171 1896 1306 1951 medicos.
1336 1898 1386 1953 cni

354 2008 468 2060 prorsus
485 1990 631 2046 assentior.
683 1989 801 2043 Praeter
820 1990 892 2042 illud
910 2001 1001 2044 autem
1020 1990 1159 2043 bominum
1178 2007 1270 2059 genus
1288 1993 1317 2045 in
1337 1994 1386 2046 bar

353 2083 490 2154 pedatura
515 2083 634 2136 fortasse
651 2081 801 2135 tendebant
828 2083 986 2150 praefectus
1009 2095 1161 2138 castrorum
1180 2095 1208 2138 et
1232 2087 1387 2154 praefectur

351 2176 493 2228 fabrorum
517 2176 604 2238 (Hist.
622 2182 687 2228 mut.
708 2177 750 2228 73.
770 2177 841 2241 74.),
878 2174 914 2228 de
939 2175 1040 2244 quibus
1059 2177 1190 2247 Hyginus
1214 2188 1312 2232 tacere
1334 2194 1385 2232 nos

353 2267 465 2336 debuit;
493 2268 553 2335 ¹nisi
572 2284 619 2322 eos
642 2267 723 2322 malis
741 2267 769 2321 in
788 2269 906 2321 scamnis
930 2269 1084 2337 legatorum
1103 2281 1131 2323 et
1147 2270 1325 2326 tribunorum
1342 2274 1386 2327 lo·

353 2380 413 2417 cum
431 2363 567 2434 accipere.
584 2392 612 2403 -
652 2364 750 2417 Lateri
768 2365 886 2418 sinistro
903 2363 1006 2434 scripsi
1023 2367 1110 2428 (lotus
1126 2364 1258 2432 intellige
1276 2356 1385 2436 praetoss

351 2457 418 2522 rii),
454 2457 520 2523 quia
545 2456 674 2509 codicum
700 2456 878 2523 corruptelae
904 2456 970 2508 huic
995 2456 1109 2509 lectioni
1129 2457 1177 2522 (cf.
1196 2459 1287 2527 paulo
1304 2474 1386 2530 snpe-

352 2551 421 2614 rius)
439 2550 528 2616 magis
546 2552 653 2616 favent,
681 2565 763 2616 qnam
781 2549 898 2604 lectioni
916 2553 1027 2611 dextro,
1046 2567 1127 2616 quam
1146 2549 1254 2606 Schele
1271 2564 1301 2609 ot
1318 2554 1385 2609 Naar

351 2645 410 2699 286.
428 2644 570 2711 flagitant,
596 2659 667 2709 quos
685 2643 746 2712 ipse
764 2643 794 2697 in
812 2643 900 2697 forma
919 2654 1072 2697 castrorum
1089 2644 1236 2700 Historiae
1256 2649 1385 2703 »nasas-

351 2756 414 2793 mrm
445 2736 542 2792 addita
568 2736 708 2791 incautius
739 2746 851 2790 secutus
878 2753 946 2789 sum.
1002 2736 1135 2804 Accedit,
1170 2740 1246 2805 quod
1275 2744 1387 2798 comiter

351 2835 539 2902 Imperatoris
558 2836 612 2900 (lli.
632 2838 673 2890 ³3.
692 2835 746 2896 39.)
764 2831 825 2884 εἰπε
849 2830 936 2884 dubio
961 2831 1168 2886 honoratiorem
1187 2833 1283 2888 locum
1303 2836 1386 2890 latere

348 2928 453 2982 dextro
481 2925 660 2993 occupabant.
713 2924 835 2977 Comites
861 2923 935 2977 enim
962 2925 1144 2993 Imperatoris
1176 2927 1269 2981 latere
1297 2929 1385 2985 alteru

351 3021 486 3091 praetorii
509 3019 624 3072 eandem
649 3017 810 3086 pedaturam
827 3018 969 3089 accipere,
1000 3031 1082 3088 atque
1099 3020 1235 3075 officiales
1256 3023 1385 3095 opposito

350 3115 454 3180 latere,
474 3113 539 3167 inde
556 3121 685 3180 apparet,
704 3111 779 3177 quod
798 3111 929 3180 Hyginus
947 3112 1037 3181 iufra,
1063 3116 1110 3168 ubi
1130 3115 1280 3184 despatio
1298 3117 1384 3171 asin·

350 3207 426 3277 gulis
445 3206 537 3275 copiis
561 3221 616 3259 uno
641 3205 727 3258 latere
750 3203 884 3271 praetorii
902 3219 1037 3274 occupato
1055 3208 1179 3276 loquitur
1196 3212 1278 3276 (33.),
1312 3212 1384 3266 solos

348 3303 466 3358 comites
485 3301 615 3355 nominat.
665 3299 739 3352 Hinc
758 3298 845 3368 igitur
863 3313 997 3371 apparet,
1031 3301 1195 3356 officialium
1220 3304 1383 3373 pedatura·

352 3414 466 3470 prorsus
482 3394 633 3451 secundum
651 3411 684 3448 ea
708 3395 877 3448 tractandam
896 3412 971 3461 esse,
1007 3412 1079 3462 quae
1097 3374 1226 3466 Hyginus
1244 3395 1284 3450 de
1301 3396 1383 3452 conri-

351 3503 409 3547 turn
427 3490 561 3562 pedatura
582 3490 742 3559 praecipiat
761 3492 814 3555 (ιθ.
833 3492 900 3553 39.).
944 3491 976 3544 ln
995 3491 1142 3545 lectionem
1166 3491 1288 3546 sinistro
1307 3491 1383 3546 duci·

351 3602 413 3641 mur
434 3584 558 3651 deniqne
580 3582 811 3652 interpretatione
831 3582 909 3637 uocis
926 3586 976 3640 idr’.
1020 3584 1141 3639 Brevius
1165 3595 1240 3639 certe
1253 3585 1382 3654 Hyginus

351 3682 379 3735 b.
398 3681 417 3735 l.
435 3662 551 3747 locutus,
562 3687 619 3743 est,
651 3687 769 3731 attamen
787 3686 922 3731 attentum
946 3676 1080 3730 lectorem
1100 3692 1153 3730 non
1173 3675 1296 3744 fugerit,
1326 3676 1382 3747 Hy·

351 3775 446 3842 ginurn
466 3771 592 3838 cogitare
610 3786 661 3824 nos
681 3772 795 3839 jubere,
831 3773 856 3826 si
876 3770 967 3823 minor
989 3785 1118 3822 numerus
1141 3767 1381 3840 praetorianorum

351 3874 380 3919 et
396 3864 580 3932 singularium
599 3863 698 3929 fuerit,
731 3879 813 3931 quam
831 3862 1004 3929 neutrisque
1022 3861 1220 3929 semistrigium
1238 3860 1382 3931 adsignari

351 3959 464 4023 debeat,
499 3971 566 4012 tunc
589 3972 683 4011 omnes
708 3958 867 4026 singulares
893 3957 921 4011 in
947 3956 1119 4023 semistrigio
1144 3953 1382 4024 praetorianorum

352 4049 433 4122 poni,
467 4060 598 4119 utsupra
617 4060 723 4120 partem
742 4067 836 4105 eorum
855 4050 884 4103 in
902 4050 991 4116 striga
1009 4048 1248 4119 praetorianorum
1265 4048 1383 4104 tendere

352 4142 480 4198 vidimus.
532 4141 738 4210 Semistrigium
769 4152 861 4197 nutem
890 4143 1129 4211 praetorianorum
1157 4142 1248 4196 latere
1281 4142 1382 4199 dextro

351 4249 408 4305 est3
441 4253 510 4305 ergo
528 4237 617 4292 latere
634 4236 751 4292 sinistro
769 4253 850 4292 unam
867 4237 1065 4304 semistrigium
1082 4235 1210 4289 nudatur.
1257 4237 1323 4292 Hoc
1341 4252 1381 4293 sa·
