3492 5242
844 694 900 771 57

445 901 518 968 Jam
538 923 615 967 vero
640 901 845 969 difficultates
867 903 999 994 quidem
1026 905 1241 988 removimus,
1270 903 1393 971 sedita

360 1009 575 1094 removimus,
600 1020 635 1075 ut
656 1009 862 1075 statuendum
882 1012 980 1078 uobis
1002 1012 1064 1095 sit,
1094 1013 1129 1076 in
1151 1012 1264 1077 codice
1286 1014 1396 1079 arebe-

360 1129 438 1208 typo
459 1129 556 1204 tnnc,
585 1130 659 1185 cum
680 1120 881 1187 Arceriauus
911 1147 952 1188 ex
984 1146 1023 1187 eo
1046 1121 1302 1207 describeretur,
1336 1145 1396 1187 nec

360 1227 492 1294 titulum
518 1253 579 1294 nec
607 1230 882 1323 subscriptionem
908 1234 987 1300 libri
1014 1232 1120 1298 nostri
1151 1230 1221 1298 suis
1243 1230 1326 1297 locis
1347 1231 1397 1297 iu·

358 1336 542 1423 taisson).
603 1338 730 1428 Hygini
769 1341 873 1429 igitur
911 1365 1030 1407 nomen
1069 1339 1192 1406 codicis
1224 1339 1397 1430 Arceriani

359 1447 548 1513 auctoritate
586 1472 653 1514 uon
688 1450 844 1534 fulcitur,
884 1449 973 1539 quod
1002 1461 1108 1513 tamen
1140 1469 1207 1510 non
1235 1447 1279 1511 ita
1302 1447 1396 1513 intel·

358 1553 480 1620 lectum
500 1555 594 1639 volo,
618 1556 711 1646 quasi
733 1554 906 1620 Arceriaui
929 1555 1102 1619 auctoritas
1125 1553 1251 1642 Hygini
1271 1553 1397 1620 nomini

358 1664 476 1732 obstet.
521 1666 610 1748 lmo,
642 1664 671 1728 si
701 1663 833 1730 aliunde
855 1662 1077 1752 Hyginiauum
1104 1686 1222 1729 nomen
1249 1686 1397 1753 compro·

357 1774 508 1859 babitur,
530 1775 585 1842 vel
607 1774 683 1838 iude
704 1785 948 1862 argumentum,
979 1775 1127 1864 quamvis
1149 1773 1221 1840 leve
1243 1773 1306 1857 sit,
1334 1795 1397 1863 pro

356 1906 397 1949 eo
421 1882 530 1948 afferri
558 1882 700 1973 poterit,
730 1882 818 1974 quod
848 1883 934 1948 liber
955 1881 996 1948 de
1018 1881 1254 1948 munitionibus
1276 1892 1396 1947 castro·

356 2015 432 2057 rum
461 1989 697 2069 inArceriano
724 1989 851 2055 medius
879 1989 969 2056 iuter
997 1989 1078 2056 duos
1110 1990 1213 2056 libros
1236 1988 1396 2078 Hyginia·

355 2123 417 2166 uos
439 2099 630 2185 interjectus
642 2106 712 2165 est.
1203 2111 1205 2114 '

440 2207 496 2273 Ad
517 2207 791 2297 comprobandum
816 2215 923 2272 autem
946 2207 1072 2297 Hygini
1098 2232 1217 2275 nomen
1245 2234 1319 2276 cum
1341 2233 1394 2275 eo·

354 2340 431 2381 rum
453 2317 619 2402 codicum,
641 2316 699 2407 qui
722 2339 762 2382 ex
782 2314 964 2382 Arceriano
986 2315 1076 2380 ducti
1099 2327 1197 2401 sunt,
1221 2318 1393 2384 auctoritas

354 2425 447 2492 nulla
468 2450 541 2493 esse
562 2426 695 2516 possit,
709 2424 990 2515 quandoquidem,
1015 2424 1043 2489 si
1064 2425 1105 2491 ab
1125 2424 1307 2491 Arcerinno
1330 2425 1394 2491 dis·

354 2546 507 2625 crepant,
542 2539 604 2602 boc
627 2536 699 2602 sine
721 2537 821 2602 dubio
848 2536 1056 2602 librariorum
1084 2536 1228 2625 ingeniis
1248 2536 1395 2602 tribuen·
1438 2535 1440 2539 ’

355 2645 433 2710 dum
453 2655 504 2712 e'st
520 2649 578 2728 ¹¹),
602 2645 643 2711 ad
665 2644 793 2711 codices
818 2645 930 2712 tertiae
951 2644 1093 2716 familiae
1115 2645 1297 2712 accuratius
1318 2669 1394 2713 con-

354 2754 561 2845 templandos
582 2765 795 2819 transeamus.

437 2865 492 2930 Ac
527 2863 645 2929 codex(
663 2860 795 2955 quidem
829 2861 858 2926 C
890 2859 1011 2926 librum
1041 2860 1215 2927 inscribite
1261 2863 1391 2946 Hygini
1455 2917 1458 2931 .

354 2975 513 3041 Gromoci
534 2972 614 3038 liber
634 2977 686 3038 De
705 2970 937 3036 munitionibus
959 2979 1156 3050 castrorum,
1189 2970 1225 3036 in
1259 2993 1326 3061 quo
1350 2969 1392 3036 ti·
1504 3054 1506 3060 Ι

352 3083 425 3150 tnlo
446 3093 522 3149 cum
542 3083 695 3150 vitiosum
717 3084 874 3149 &emaci
894 3080 1065 3166 librarius,
1097 3081 1219 3172 quippe
1242 3080 1300 3170 qui
1320 3081 1393 3170 ipse

353 3193 391 3258 iu
426 3192 571 3281 margine
594 3194 778 3259 Gromatica'
807 3189 1035 3280 adscripserit,
1065 3189 1105 3255 de
1131 3188 1292 3255 industria
1317 3189 1394 3254 reli·

353 3301 467 3391 quisse
488 3301 656 3384 videatur,
690 3308 866 3365 statuamus
897 3297 1294 3397 necesse1est,idem-in
1316 3321 1392 3386 apo·

353 3412 479 3502 grapho
509 3409 630 3477 Basilii
660 3406 801 3476 Zauebii
831 3406 938 3474 fuisse
957 3407 1019 3496 ¹³).
1085 3407 1295 3498 Subscriptio
1321 3417 1399 3476 esta'

423 3555 468 3619 ll)
504 3551 591 3607 Aliud
610 3553 671 3620 ejus
689 3550 730 3604 rei
749 3550 907 3619 exemplum
932 3550 1049 3620 praebet
1069 3549 1144 3604 liber
1161 3549 1273 3618 Aggeni
1290 3547 1392 3627 Urbici

352 3647 410 3716 11.,
430 3647 460 3701 iu
479 3649 557 3715 cujus
574 3644 659 3701 initio
677 3644 848 3701 solaverba:
868 3647 974 3715 Incipit
988 3645 1060 3699 liber
1078 3643 1260 3697 inveniuntur
1279 3644 1392 3710 (Blumc

352 3744 384 3808 5,
401 3743 463 3799 ³75.
491 3741 571 3796 Zeiss
592 3744 670 3811 885),
693 3741 723 3795 iu
746 3739 819 3795 liner
844 3742 915 3810 Erp.
939 3741 986 3795 tib·
1022 3737 1186 3795 Socordiam
1208 3736 1390 3793 librariorum

350 3837 411 3890 atio
438 3836 571 3905 exemplo
594 3836 657 3889 cod.
683 3836 750 3891 Arc.
775 3834 980 3890 demonstravit
1001 3831 1126 3903 Rudorff
1148 3831 1178 3885 in
1200 3832 1343 3887 Zeitscbr.
1365 3834 1387 3900 Ι.

351 3930 442 3999 scarb.
461 3929 593 3985 Recitata.
612 3931 644 3997 9,
663 3931 724 3985 392.

421 4027 465 4088 12)
499 4025 563 4078 Hoc
587 4024 623 4078 de
645 4023 687 4078 eia
712 4023 804 4081 titulis
822 4019 999 4079 statuendum
1016 4028 1072 4084 eat,
1096 4035 1167 4091 quoa
1185 4019 1265 4077 zeias
1281 4022 1302 4078 1.
1318 4037 1342 4076 c.
1362 4040 1391 4092 p.

354 4118 416 4174 818.
436 4118 467 4172 iu
485 4116 632 4174 codicibus
649 4117 842 4173 saturentur
858 4114 963 4171 tradit:
993 4115 1079 4170 Liber
1094 4116 1267 4186 cromaticos
1286 4113 1391 4186 Hyyim'

351 4213 388 4266 de
406 4209 594 4269 dictatoribus
611 4219 772 4270 castrorum
795 4220 825 4269 et
841 4210 930 4266 Liber
947 4209 1048 4266 tertias
1066 4209 1172 4282 Hyytm'
1189 4209 1224 4264 re
1240 4205 1389 4265 divisioni-

351 4305 404 4363 tua
422 4321 564 4378 acconem.
837 4307 899 4375 1³).
917 4304 962 4366 ct
979 4318 1066 4378 supra
1081 4320 1110 4377 p.
1127 4304 1171 4361 13.
1190 4304 1234 4360 bt.
