3492 5242
818 674 902 751 tto

347 884 422 951 quod
441 894 535 934 earum
555 876 677 934 rationes
696 877 775 947 prins
793 877 912 946 exponit
930 879 993 942 (6.),
1023 890 1103 942 quam
1122 874 1248 939 equiturn
1268 882 1378 943 praeto-

347 977 498 1028 rianorum.
548 971 655 1024 Eodem
682 969 766 1023 modo
791 971 830 1024 13.
855 979 883 1023 et
905 972 948 1025 31.
976 969 1107 1023 cohortes
1134 966 1293 1038 praetorius
1320 976 1380 1020 unte

346 1069 457 1136 equites
475 1075 608 1120 recenset.
654 1062 686 1117 Si
704 1044 768 1129 quis
786 1072 874 1115 autern
894 1071 1011 1132 propter
1031 1059 1128 1114 verba:
1164 1060 1299 1130 quoniam
1318 1060 1381 1126 ofil-

347 1162 465 1215 cs'nlt’dur
479 1142 576 1214 ‘latere'
599 1157 717 1212 sirtirlro
741 1160 883 1229 proximis
901 1159 954 1213 t'ds'
975 1158 1114 1226 pedatura
1139 1155 1305 1222 udss'qnetur
1323 1155 1373 1220 (t.)

347 1268 427 1306 secus
444 1251 618 1306 statuendum
637 1266 698 1303 esse
716 1249 862 1317 opinetur,
888 1263 951 1302 eum
969 1259 1100 1316 reputare
1119 1246 1216 1308 velim,
1237 1243 1381 1316 Hyginum

348 1362 400 1398 non
420 1345 530 1411 dicere,
562 1343 701 1396 ol'liciales
719 1358 777 1396 earn
798 1340 886 1410 ipsam
910 1340 1084 1410 pedaturam,
1117 1355 1198 1406 quam
1221 1337 1382 1407 singulares

348 1438 528 1505 reliquerint,
557 1436 700 1507 accipere,
727 1433 775 1487 sed
795 1449 853 1486 earn
872 1433 1049 1500 pedaturam,
1076 1449 1161 1501 quae,
1186 1433 1380 1500 singularibus

348 1532 473 1593 remotis,
509 1531 538 1584 iu
563 1530 678 1584 sinistro
705 1529 793 1583 lutere
815 1545 903 1582 vacua
926 1539 1063 1593 maneret,
1099 1527 1275 1583 officialibus
1300 1527 1376 1581 eddi.

348 1626 409 1682 Qus
426 1642 458 1679 re
475 1627 523 1691 lit,
556 1633 585 1678 ut
609 1623 739 1677 cohortes
762 1620 920 1692 praetoriae
937 1623 1027 1676 latere
1044 1621 1159 1678 sinistro
1184 1623 1244 1676 slas
1261 1622 1381 1691 quinge-

347 1720 440 1774 narius
457 1718 607 1785 attingant,
637 1732 699 1768 cnm
717 1715 804 1768 latere
822 1713 923 1767 dextro
942 1712 1015 1767 inter
1033 1715 1161 1768 cohortes
1178 1713 1382 1783 praeterisset

348 1815 406 1867 alas
424 1812 623 1878 semistriginm
642 1808 766 1876 equitum
784 1806 1024 1877 praetorianorum
1043 1819 1071 1863 et
1089 1808 1277 1876 singularium
1294 1811 1381 1864 inter·

349 1908 470 1977 positum
487 1905 534 1960 sit.
582 1905 641 1957 Nec
663 1902 805 1972 prolecto,
841 1902 897 1955 uisi
919 1903 1028 1968 equites
1052 1903 1220 1971 praetoriani
1241 1904 1316 1957 inter
1334 1920 1380 1958 cn·

349 2005 445 2057 hortes
468 1999 623 2069 praetorias
641 2009 669 2051 et
686 1997 745 2049 alas
766 1995 851 2050 medii
875 1996 1016 2064 interjecti
1035 2006 1139 2060 essent,
1173 1997 1273 2050 dicere
1292 1996 1381 2067 potnit

350 2099 412 2162 (8.),
441 2095 550 2160 equites
570 2090 761 2162 praetorianos
780 2091 841 2144 loco
864 2089 989 2145 cohortis
1013 2090 1170 2160 praetoriae
1188 2092 1265 2161 poni.
1301 2090 1382 2147 uicit

350 2189 439 2252 enim,
468 2188 576 2254 equites
594 2185 787 2256 praetorianos
806 2185 833 2238 in
852 2186 943 2241 locum
961 2187 1086 2241 cohortis
1104 2185 1266 2258 praetoriae
1284 2203 1381 2240 succe·

350 2284 432 2344 dere,
452 2281 625 2335 dimidiatum
643 2291 733 2334 sutem
751 2296 891 2333 numerum
909 2279 1093 2347 singularium
1111 2279 1139 2332 in
1158 2279 1282 2346 equitum
1301 2294 1381 2351 prae-

351 2375 522 2430 torianorum
544 2375 643 2427 locum.
689 2372 721 2427 Si
740 2372 848 2439 equites
873 2371 1045 2442 praetoriani
1065 2383 1161 2427 contra
1187 2374 1313 2444 proximi
1335 2392 1381 2429 co-

351 2470 465 2526 mitibus
482 2468 612 2531 fuissent,
639 2465 735 2518 dicere
751 2462 862 2517 debuit:
898 2464 1081 2532 rinqnlnrs'um
1100 2483 1230 2520 numerus
1248 2467 1381 2521 dimidiu·

351 2573 395 2618 tus
421 2565 482 2616 laco
507 2561 629 2615 cohortis
651 2567 776 2627 ponetur.
829 2560 928 2628 ltaque
948 2559 1105 2625 schellam,
1141 2560 1268 2614 Nestiuru
1287 2562 1382 2627 (28l.),

350 2655 472 2726 Royiurn
492 2656 590 2720 (leh),
627 2654 777 2708 Plauerum
795 2657 860 2719 (63.)
886 2656 965 2722 sequi
992 2670 1046 2707 nnn
1072 2653 1163 2724 potui,
1200 2653 1251 2721 qui
1274 2656 1383 2723 equites

351 2749 544 2821 praetorianos
563 2759 590 2803 et
606 2748 763 2816 singulares
782 2749 926 2817 proximos
942 2749 1088 2803 comitibus
1102 2759 1130 2803 et
1143 2747 1317 2802 officialibus
1334 2765 1382 2821 po-

351 2858 429 2910 nunt,
447 2846 610 2917 praesertin
628 2862 689 2898 cum
708 2845 798 2915 ipsius
816 2843 856 2896 rei
874 2841 945 2896 ratio
964 2843 1092 2910 postulet,
1111 2853 1140 2896 ut
1158 2842 1278 2909 equites,
1296 2859 1382 2911 qusn-

352 2952 408 2996 tum
432 2940 494 2992 lieri
516 2939 654 3009 potuerit,
690 2954 750 2991 curn
774 2937 917 3004 equitibus
934 2940 1141 3006 conjungantur.
1188 2937 1272 2992 Quod
1291 2951 1381 2995 auten

352 3032 485 3103 Hyginus
502 3031 577 3083 inira
592 3033 636 3086 39.
654 3029 736 3093 dicit,
757 3028 828 3082 viam
848 3030 1011 3084 vicinarinm
1029 3033 1125 3086 abesse
1143 3046 1224 3100 posse
1241 3032 1318 3085 iuter
1334 3050 1381 3086 co·

352 3127 448 3180 horres
467 3124 622 3194 praetorias
640 3135 667 3177 et
685 3124 743 3176 alas
761 3124 898 3190 equiturn,
927 3139 959 3176 ea
979 3142 1009 3178 re
1027 3125 1196 3194 explicatur,
1225 3125 1303 3192 qnod
1322 3129 1381 3182 ulus

350 3220 471 3290 equitum
489 3217 593 3271 dictum
611 3230 653 3273 est
669 3235 722 3287 pro
740 3219 881 3285 equitibus
902 3219 1085 3290 praetorianis
1101 3231 1128 3273 et
1146 3219 1339 3288 singularibus
1356 3230 1383 3274 es

351 3312 407 3367 slis
423 3311 625 3381 quingenariis.
661 3311 718 3364 Illo
737 3324 825 3366 autem
843 3328 923 3366 sensu
943 3315 1006 3366 alne
1024 3312 1150 3381 usurpari
1171 3323 1297 3383 poterat,
1318 3312 1382 3382 quia

352 3421 450 3460 revera
468 3404 637 3473 praetoriani
655 3414 682 3458 et
697 3404 856 3473 singulares
868 3408 898 3460 in
913 3407 1016 3460 elerum
1035 3407 1149 3460 formam
1169 3405 1290 3460 instituti
1304 3418 1383 3461 erunt

351 3499 399 3564 (cf.
418 3499 492 3552 uter.
511 3506 578 3551 mul.
595 3500 640 3564 bl,
661 3500 701 3551 1³.
725 3502 785 3560 16.).

421 3590 686 3658 Proutdisponi
712 3590 851 3654 debent,
882 3593 1008 3647 libello
1032 3591 1256 3663 ostendimus]
1294 3596 1381 3649 Proust

353 3697 469 3754 usurpat
495 3685 578 3738 etiam
606 3687 646 3738 ts.
668 3688 707 3740 19.
759 3687 796 3740 Ut
816 3687 842 3739 h.
863 3688 882 3741 1.
903 3687 990 3751 dicit,
1027 3703 1058 3740 se
1085 3686 1185 3740 libello
1211 3689 1381 3755 ostendisse,

352 3790 437 3848 prout
453 3777 552 3849 copiae
569 3777 681 3847 disponi
699 3779 848 3839 deberent,
868 3780 909 3832 its
928 3782 969 3835 1⁵.
983 3780 1067 3844 dicit,
1087 3796 1117 3834 se
1135 3782 1164 3834 in
1184 3780 1271 3835 forma
1289 3784 1381 3851 subie-

353 3874 440 3935 cisse,
474 3885 560 3944 prout
577 3874 695 3942 quisque
714 3874 830 3929 tendere
852 3874 974 3928 deberet.
1019 3873 1086 3928 Sine
1104 3873 1192 3928 dubio
1210 3873 1295 3927 etiam
1312 3874 1341 3928 b.
1361 3874 1382 3927 1.

354 3967 468 4021 sormam
487 3966 657 4034 subiecerat,
676 3984 759 4035 quam
780 3979 870 4021 temen
890 3982 943 4018 non
963 3968 1067 4035 magis,
1087 3983 1166 4035 quarn
1186 3966 1302 4020 formant
1322 3984 1380 4039 par.

355 4064 395 4116 ts.
417 4060 563 4116 indicatam
582 4061 764 4126 restituimus,
794 4058 862 4127 quia
887 4061 954 4114 haec
972 4077 1008 4114 err
1026 4061 1113 4115 lorma
1138 4072 1258 4116 totorum
1276 4076 1382 4116 castro·

355 4174 414 4211 rum
433 4157 542 4228 percipi
560 4167 683 4227 possunt.
721 4156 827 4209 labello
845 4155 1060 4225 dispositionem
1078 4156 1238 4212 ostenderat
1255 4173 1316 4226 par.
1332 4161 1382 4214 4-

354 4254 380 4307 8.
399 4254 438 4309 33.
456 4254 499 4308 33.
542 4249 739 4306 correctiones
757 4263 846 4315 mese,
880 4249 933 4305 etsi
952 4251 1115 4306 audaciores
1131 4261 1207 4315 aunt,
1236 4268 1271 4304 eo
1291 4262 1382 4307 tamen
