3492 5242
841 643 918 724 tat
995 749 997 752 ¹

363 850 534 916 fulciuntur,
567 848 642 916 quod
660 849 696 902 de
715 849 787 902 illud
805 859 868 902 ante
885 849 980 903 tttetto
998 859 1025 901 et
1043 850 1113 904 delto
1131 849 1252 918 positum
1271 848 1396 902 indicare

364 942 492 1008 videtur,
528 940 575 996 nic
592 941 768 994 inserendum
792 957 854 995 esse
878 942 958 995 debet
977 942 1034 1007 (vei
1054 939 1147 1013 potiu's
1162 941 1284 1009 debent),
1320 941 1396 1007 quod

362 1035 492 1088 omissum
515 1044 544 1089 et
566 1033 595 1087 in
621 1035 748 1102 margine
771 1035 942 1104 adscriptum
966 1037 1062 1091 alieno
1088 1037 1151 1090 loco
1169 1024 1345 1091 inseruerant
1361 1034 1398 1088 ti.

364 1127 454 1182 brarii
473 1127 536 1182 cod.
558 1131 582 1182 Α
601 1137 630 1182 et
647 1129 803 1186 Gnleeioni.

847 1299 913 1352 11.

431 1407 512 1461 Aris
530 1407 711 1465 institutis
728 1411 763 1464 iu
782 1412 924 1466 sormam
945 1412 1057 1481 partis
1077 1412 1171 1479 imae]
1198 1411 1241 1464 lta
1259 1409 1287 1462 in
1306 1412 1396 1482 prima

361 1517 430 1554 voce
447 1501 556 1555 Schelii
574 1503 756 1558 certissimam
775 1504 1012 1569 emendationem,
1032 1504 1060 1557 iu
1081 1504 1203 1571 reliquis
1221 1503 1332 1557 codices
1351 1521 1395 1558 sa-

312 1620 314 1623 ·
360 1605 441 1647 cutus
466 1594 557 1648 locutu
581 1595 729 1662 constitui,
763 1613 825 1648 cum
845 1597 873 1648 in
893 1598 967 1651 Hist.
987 1600 1116 1661 muudi,
1134 1599 1159 1652 t.
1178 1613 1216 1652 ex
1236 1601 1396 1666 conjecture

358 1686 537 1756 scripserim:
573 1689 604 1741 iu
628 1691 720 1754 forum
746 1690 918 1759 principalis
941 1684 1025 1744 vioe)
1065 1690 1200 1744 Putabam
1223 1689 1297 1742 enim
1320 1699 1394 1754 tune,

359 1780 415 1832 lori
435 1781 557 1849 (dequo
577 1780 711 1846 uadit.)
734 1782 836 1834 claram
861 1782 888 1834 in
909 1781 1007 1837 eastris
1032 1783 1199 1841 mentionem
1223 1783 1287 1837 fieri
1305 1781 1395 1836 debu·

358 1875 423 1928 isse.
450 1876 483 1930 ld
502 1875 576 1944 quod
594 1875 807 1943 haudquaquam
825 1875 1012 1931 necessarium
1029 1888 1085 1944 θείς
1104 1879 1286 1945 nequeenim
1303 1877 1394 1948 ipsum

359 1985 458 2021 nomen
483 1968 537 2021 sori
562 1969 709 2022 admodum
734 1969 850 2022 solenne
874 1970 985 2025 uidetur
1004 1971 1103 2037 luisse,
1140 1972 1165 2025 si
1186 1972 1298 2040 quidem
1317 1972 1392 2042 Hyg.

356 2065 394 2118 de
412 2064 482 2116 Lim.
502 2064 597 2118 Const.
617 2064 636 2117 l.
655 2079 678 2117 c.
698 2061 783 2116 dicit:
801 2061 937 2132 utiquam
955 2066 1103 2143 velutad
1122 2068 1213 2124 torum
1232 2067 1393 2120 cotinentiae·

357 2158 405 2223 (cf.
425 2156 506 2211 Suid.
526 2166 555 2210 et
572 2157 631 2211 Jos.
656 2156 686 2209 lt.
710 2157 781 2222 cc),
809 2165 836 2208 et
863 2155 957 2209 multis
975 2168 1098 2211 veterum
1116 2158 1284 2228 scriptorum
1308 2159 1392 2225 locis,

356 2252 405 2304 ubi
426 2251 462 2304 de
487 2252 550 2303 loro
571 2250 622 2303 illo
647 2266 737 2303 sermo
756 2258 810 2316 est,
847 2244 925 2303 loc'us
949 2252 1001 2303 ille
1025 2267 1079 2303 non
1107 2252 1162 2305 lori
1182 2256 1306 2318 nomine,
1338 2254 1391 2307 sed

355 2345 412 2397 alia
439 2343 548 2398 ratione
579 2343 764 2412 significatur.
818 2343 954 2397 Putabam
986 2360 1072 2416 porro
1100 2345 1186 2397 verba
1211 2347 1241 2399 in
1272 2349 1393 2412 fumeum

353 2441 448 2510 portis
473 2441 546 2492 imae
571 2438 710 2508 explicari
735 2454 789 2491 non
815 2455 905 2508 posse.
941 2437 996 2492 Sed
1023 2438 1059 2491 de
1085 2437 1227 2491 contrario
1253 2438 1393 2507 persuasit

355 2532 424 2585 mihi
439 2533 469 2586 C.
483 2532 527 2584 [ln.
539 2531 722 2596 Henmaunus,
740 2528 866 2597 quicum
886 2530 939 2581 ltoc
956 2529 1022 2582 loeo
1041 2529 1225 2599 comparanda
1241 2547 1303 2585 esse
1319 2530 1392 2585 uidit

356 2625 443 2679 uerba
461 2641 520 2694 par.
539 2626 581 2678 22.
601 2625 632 2678 in
655 2632 738 2694 porte
755 2626 814 2677 imo
833 2642 976 2693 exponam.
1031 2626 1070 2679 Ut
1090 2625 1142 2677 illo
1165 2624 1228 2677 looo
1244 2643 1315 2695 pars
1331 2626 1391 2680 ima

356 2730 509 2772 extremam
535 2717 603 2769 libri
622 2729 728 2785 partem
748 2717 907 2784 significat,
938 2717 977 2772 ita
996 2718 1022 2771 h.
1043 2719 1063 2774 l.
1083 2718 1182 2782 vepba:
1220 2719 1390 2784 informem

353 2815 449 2884 partie
466 2814 541 2866 imae
558 2810 741 2878 intelligenda
757 2824 820 2867 sunt
838 2814 874 2867 de
892 2813 981 2866 forma
999 2829 1052 2866 uon
1072 2811 1126 2880 ipsi
1146 2811 1249 2876 textui,
1271 2821 1300 2865 ot
1317 2809 1389 2865 alibi

355 2908 455 2960 lactum
473 2920 536 2958 esse
550 2902 676 2956 ‘vidimus
693 2904 743 2967 (cl.
762 2922 788 2972 p.
800 2907 884 2968 tte),
905 2905 1040 2972 subjecta,
1059 2904 1107 2957 sed
1125 2903 1160 2958 ad
1179 2904 1284 2956 calcem
1305 2903 1390 2959 totius

355 2998 425 3054 libri
439 3001 554 3066 adjecta.
586 2997 656 3050 Sine
668 2995 757 3050 dubio
772 3014 805 3053 ea
818 2998 909 3051 forma
924 3007 1044 3051 totorum
1058 3011 1210 3051 castrorum
1224 2997 1389 3064 dispositio

355 3110 416 3146 nem
433 3091 605 3148 ostendebat.
632 3089 703 3142 Nast
722 3105 774 3142 uon
793 3089 862 3143 satis
881 3102 1010 3144 accurate
1028 3083 1113 3146 uertit
1132 3091 1244 3158 puell:
1267 3090 1322 3144 Bei
1338 3092 1389 3147 des
1479 3105 1481 3110 ·

354 3188 490 3251 Atticen,
524 3186 622 3238 uelatis
640 3186 669 3238 in
685 3185 739 3238 der
756 3187 845 3253 Fipur
861 3194 942 3241 unteu
962 3185 1061 3240 atellen.
1105 3187 1181 3237 Arae
1199 3193 1290 3238 autem
1310 3183 1389 3240 instit·

355 3290 431 3335 tutae
449 3294 509 3332 esse
526 3279 658 3331 dicuntur
675 3278 706 3332 in
729 3281 852 3344 formum
874 3281 966 3348 partie
984 3281 1057 3332 iotae
1082 3293 1134 3345 pro
1152 3279 1182 3330 in
1199 3279 1310 3330 modum
1327 3279 1389 3342 for-

353 3389 416 3425 mae
431 3372 526 3439 partie
543 3371 617 3423 imos
634 3369 681 3436 (cl.
698 3369 746 3433 2).
787 3369 937 3427 destituere
957 3386 1026 3423 arna
1050 3369 1196 3437 usurpauit
1215 3370 1299 3424 etiam
1319 3368 1387 3425 vat.

352 3468 447 3522 Flacc.
464 3470 490 3530 3,
509 3466 584 3530 sata
618 3465 765 3518 instituere
786 3464 930 3517 basilicum
957 3463 1069 3532 Lampr.
1089 3462 1153 3517 Seu.
1174 3464 1217 3516 ΑΙ.
1236 3467 1295 3530 26.,;
1329 3467 1387 3531 roe,

352 3578 413 3614 sum
442 3567 468 3613 et
492 3577 621 3630 apperens
639 3560 768 3613 Frontin.
785 3557 870 3613 Strat.
888 3560 914 3624 3,
933 3561 958 3618 ⁷.
977 3561 1019 3623 4.;
1053 3565 1177 3611 statuere
1203 3574 1272 3613 arae
1291 3559 1385 3616 Plaut.

352 3654 433 3708 Asin.
451 3655 479 3717 3,
497 3655 523 3715 3,
543 3655 600 3707 tta.
619 3653 687 3708 Tac.
706 3654 777 3704 Anu.
794 3654 820 3709 3,
838 3653 878 3716 23
907 3652 1031 3704 tribunat
1049 3651 1125 3719 llyg.
1147 3650 1197 3702 hac
1217 3666 1275 3718 par.
1312 3655 1387 3707 Arae

351 3746 415 3800 sine
433 3744 521 3798 dubio
539 3745 634 3797 eadem
660 3744 749 3796 lorma
766 3752 860 3805 erant,
892 3755 947 3806 qua
965 3741 1038 3795 aliae
1055 3758 1135 3806 arae,
1170 3759 1220 3796 nec
1240 3754 1307 3812 puto
1325 3745 1386 3814 ily·

351 3839 447 3907 ginuin
471 3838 586 3891 sormam
610 3854 720 3891 ararum
744 3834 932 3903 descripsisse
950 3833 979 3888 in
1006 3837 1118 3908 formu
1145 3837 1193 3890 sed
1219 3834 1384 3905 positionem

351 3948 446 3986 earum
464 3943 529 3985 aute
546 3931 727 4001 imperatoris
744 3925 960 3986 tabernaculum.
1000 3930 1125 3985 Fuerunt
1140 3943 1231 3985 autent
1249 3947 1328 3993 arae,
1342 3943 1385 3987 -ut

351 4024 589 4092 exsequentibus
608 4025 715 4097 Hygini
734 4025 830 4079 verbis
847 4035 980 4094 apparet,
1007 4025 1035 4077 iu
1052 4025 1145 4079 medio
1163 4025 1255 4081 fronte
1274 4025 1384 4095 praeto-

350 4117 391 4170 rii
408 4117 443 4170 ad
463 4117 534 4171 viam
553 4117 752 4189 principalem,
779 4117 828 4170 sed
849 4128 914 4185 post
932 4133 1068 4184 grumam,
1095 4133 1168 4185 quae
1185 4119 1213 4171 iu
1234 4118 1296 4187 ipso
1314 4135 1383 4187 pun.
1442 4103 1444 4108 ’

350 4221 399 4267 cto
424 4212 531 4264 mediae
558 4211 666 4279 lineae,
691 4227 763 4281 quae
788 4210 909 4267 frontem
935 4211 1070 4282 praetorii
1097 4211 1199 4277 elficit,
1227 4211 1383 4281 ponebatur
