3492 5242
857 660 924 739 aa

362 867 423 956 qui
443 889 512 932 rem
533 865 705 932 militarent
735 867 829 933 libris
850 877 1069 957 exposuerant
1086 870 1139 945 88).
1184 866 1324 935 Videtur
1344 893 1400 937 an·

360 987 429 1042 tem
448 974 533 1040 libor
550 975 591 1040 de
612 974 851 1041 munitionibus
867 987 1048 1043 castrorum
1069 998 1110 1047 eo
1131 987 1276 1065 tempore
1298 977 1400 1069 scrip·

360 1095 416 1149 tus
436 1107 521 1168 esse,
543 1108 610 1174 quo
631 1085 795 1152 exercitus
814 1087 851 1154 in
879 1087 1004 1174 bellun
1025 1086 1233 1178 prolecturus
1261 1087 1398 1179 erate).
1450 1122 1454 1128 ·

360 1193 432 1259 Nec
452 1193 587 1277 dubito,
621 1194 703 1284 quin
734 1207 808 1264 ante
840 1198 977 1264 eandem
998 1196 1238 1286 expeditionem
1259 1198 1400 1287 scriptus

359 1303 424 1387 ait,
448 1327 489 1370 ex
509 1327 574 1392 qua
592 1328 743 1372 reversus
765 1316 878 1372 auctor
899 1306 1069 1394 epistolam
1092 1307 1183 1373 illam
1204 1306 1245 1371 ad
1266 1307 1400 1374 Celsum

359 1412 513 1502 scripsit,
543 1438 626 1503 qnae
654 1415 740 1480 inter
766 1416 815 1483 rei
836 1418 982 1504 agrariae
1011 1417 1115 1483 libros
1138 1427 1242 1482 exstat
1260 1417 1314 1498 88).
1358 1419 1400 1482 ln

357 1521 472 1588 codice
494 1522 631 1611 quidem
651 1524 834 1590 Arceriauo
850 1525 901 1606 0⁴)
927 1527 1009 1590 baec
1037 1525 1177 1614 epistola
1199 1523 1303 1588 Bulbo
1332 1524 1399 1591 cui,

358 1631 430 1698 dam
457 1633 630 1712 tribuitur,
662 1656 805 1725 quocum
833 1660 907 1701 cum
930 1635 1072 1701 Balbum
1099 1657 1181 1701 care
1202 1633 1398 1718 confundas,

357 1741 414 1831 qui
435 1742 582 1829 Augusti
603 1752 705 1808 aetate
727 1765 860 1808 mensor
879 1755 947 1808 erat
963 1741 1028 1828 ⁸⁵);
1051 1742 1168 1832 illique
1188 1742 1317 1820 Blume,
1340 1741 1399 1830 qui

356 1861 451 1916 autea
483 1851 655 1940 Hyginum
687 1875 748 1942 pro
779 1861 910 1918 auctore
941 1850 1100 1917 habuerat
1117 1854 1190 1937 88),
1227 1840 1398 1943 epistola'm

355 1983 468 2024 revera
490 1960 646 2026 adscribit
660 1963 721 2044 88).
769 1963 836 2029 Sed
867 1960 991 2029 codicis
1012 1961 1188 2027 Arceriani
1209 1960 1262 2027 bis
1290 1961 1326 2025 iu
1348 1983 1398 2026 re·

354 2065 418 2132 bus
448 2068 622 2134 auctoritas
641 2080 787 2160 =propter
813 2070 1031 2136 miserrimum
1054 2069 1223 2160 archetypi
1251 2069 1397 2136 babiturn

354 2201 421 2243 non
451 2203 568 2267 magna
596 2190 670 2266 cst3
703 2181 813 2272 itaque
848 2182 1066 2248 curncadeur
1093 2181 1230 2270 epistola
1259 2181 1294 2245 in
1323 2178 1397 2244 aliis

354 2287 523 2355 codicibus
555 2300 611 2354 aut
631 2291 791 2356 Frontino
820 2301 877 2356 aut
897 2291 1012 2380 Nypso
1041 2289 1224 2372 tribuatur,
1257 2311 1396 2376 quorum

353 2394 545 2485 posterioris
567 2421 687 2462 nomen
708 2398 792 2464 falso
814 2398 866 2464 illi
888 2396 1026 2487 praefigi
1046 2405 1152 2485 potet,
1181 2394 1272 2461 solus
1293 2396 1395 2459 Fron·

353 2505 443 2570 tinus
464 2529 539 2570 cum
560 2504 696 2594 Hygino
718 2507 758 2571 dc
780 2505 920 2595 epistola
941 2504 999 2570 illa
1029 2503 1160 2592 litigare
1181 2501 1298 2592 possit.
1342 2502 1395 2567 Ac

353 2615 532 2705 Frontinus
561 2614 694 2702 quidem
722 2614 801 2679 satis
832 2611 1040 2699 ingeniosum
1067 2621 1240 2701 patronum
1268 2610 1395 2678 invenit

351 2727 582 2789 Dedericba'um
603 2725 669 2805 88),
701 2721 758 2810 qui
782 2718 921 2810 epistola
942 2718 999 2784 illa
1020 2720 1154 2784 candem
1176 2743 1245 2786 reru
1268 2719 1393 2786 namuri

419 2875 464 2934 81)
500 2871 577 2940 Veg.
603 2875 637 2940 2,
659 2876 684 2930 3.
729 2873 804 2926 Num
831 2872 915 2926 anina
942 2871 1045 2925 aetatis
1068 2876 1148 2941 aunt,
1178 2886 1247 2940 quoe
1275 2869 1391 2937 fortiter

350 2973 434 3036 fiunt,
457 2986 526 3039 qaue
548 2985 614 3021 vero
631 2984 685 3038 pro
711 2968 835 3022 utilitate
857 2969 903 3021 ret
924 2967 1058 3035 publicae
1076 2966 1250 3031 occiduntur,
1275 2970 1391 3018 aeterna

350 3069 429 3130 aunt,
454 3063 529 3116 idem
553 3064 678 3129 fecerant
700 3061 756 3116 ulii
782 3062 953 3131 complures,
981 3062 1031 3114 sed
1052 3060 1203 3130 praecipue
1227 3059 1388 3123 umatum,

349 3159 414 3212 dico
428 3158 552 3225 Trojano
571 3157 606 3209 ab
625 3156 763 3224 ejusmodi
782 3157 979 3225 comprobatus
998 3154 1150 3208 industria.
1188 3152 1233 3206 De
1250 3169 1307 3220 quo
1326 3153 1389 3206 loeo

350 3251 386 3303 cl.
406 3249 550 3304 Dedericb
569 3250 599 3301 in
617 3248 759 3303 Zeitscbr.
777 3250 798 3313 f.
816 3249 843 3302 d.
860 3246 1108 3300 Altertbnmaniaa.
1131 3247 1207 3302 1889.
1225 3263 1252 3313 p.
1270 3247 1329 3301 854.

418 3346 463 3410 82)
499 3344 574 3414 llyg.
592 3345 635 3397 47.
659 3361 728 3414 quoe
751 3345 802 3410 (so.
820 3343 929 3397 novitas
947 3340 1119 3405 metationis)
1144 3341 1197 3394 tibi
1220 3355 1302 3410 spero
1323 3341 1388 3408 pla·

350 3441 436 3504 cedit,
460 3440 488 3493 ai
513 3439 635 3509 primam
654 3437 846 3508 quotidinaum
868 3434 1047 3496 metationem
1070 3435 1215 3489 tractabis.
1250 3433 1293 3489 (11.
1312 3448 1387 3488 corn-

349 3543 433 3588 ment
453 3547 538 3587 meus.

333 3670 335 3675 .
417 3629 463 3693 88)
499 3626 584 3680 Goes.
604 3641 630 3693 p.
648 3625 683 3677 18
700 3639 741 3690 sq.

417 3725 464 3784 84)
499 3721 561 3773 Fol.
583 3719 662 3774 15⁷1>
680 3720 706 3774 2.

417 3817 464 3881 85)
501 3813 544 3866 De
561 3829 618 3880 quo
638 3829 663 3869 v.
683 3830 710 3881 p·
732 3816 787 3868 1119.
810 3816 865 3866 141.
891 3813 946 3867 148.
967 3812 1052 3866 Goes.
1079 3784 1082 3795 l

417 3911 462 3972 86)
499 3913 514 3963 ’1
526 3946 534 3973 ,
554 3909 613 3962 142.

417 4007 463 4068 87)
499 4007 530 4068 7,
549 4002 610 4056 tto.
649 4045 651 4048 ⁴

415 4101 462 4162 88)
499 4095 683 4151 Brucbstrtcle
699 4111 751 4150 uua
770 4097 832 4149 dem
853 4097 940 4152 teter
959 4097 1008 4150 dea
1026 4093 1054 4148 S.
1074 4093 1166 4148 Julius
1186 4093 1335 4147 Frontiana
1355 4089 1384 4142 in

350 4193 488 4248 Zeitaobr.
515 4194 534 4257 f.
560 4189 850 4248 d.A1tertlumswiaa.
879 4189 954 4244 1839.
980 4203 1051 4244 num.
1074 4189 1124 4244 los
1141 4201 1202 4253 sqq.
1232 4184 1330 4250 ibique
1355 4199 1382 4252 p.

349 4289 402 4343 842
420 4302 481 4353 sqq.
