3492 5242
738 690 816 769 195

329 1009 475 1068 Domine
493 1011 655 1080 Troiane]
691 1010 736 1065 ci.
755 1009 831 1081 prol.
845 1009 952 1076 susq„
971 1008 1020 1063 ubi
1040 994 1146 1064 udde're
1162 1018 1297 1080 poteram,

260 1104 414 1172 Trujunum
423 1101 507 1175 etium
517 1121 534 1158 u
546 1104 645 1161 Plinio
657 1120 769 1176 semper
781 1105 843 1158 iere
853 1101 998 1158 dominnm
1013 1103 1162 1174 appellari.
1197 1103 1301 1163 Schele

259 1197 389 1254 tuebatur
406 1197 556 1253 lectionem
573 1199 683 1255 domiue
700 1201 813 1268 frater,
840 1195 920 1265 quod
943 1196 1017 1268 apud
1035 1196 1171 1254 Senecam
1189 1200 1299 1269 legere·

259 1301 307 1345 tur
326 1290 391 1361 (Ep.
411 1291 499 1351 loti:
535 1291 611 1344 iilud
632 1289 702 1344 milri
727 1290 758 1344 iu
784 1307 834 1343 ore
859 1295 923 1344 erut
946 1291 1054 1347 domiui
1077 1293 1134 1350 mei
1159 1291 1300 1351 Gallionis

259 1382 371 1452 (Gellio
389 1393 450 1438 erut
468 1383 556 1439 irater
574 1383 721 1450 Senecae).
757 1382 801 1437 Ac
818 1382 953 1451 cupidius
970 1398 1039 1440 seue
1058 1384 1120 1440 dixi
1139 1384 1169 1441 iu
1187 1389 1299 1457 proleg.
1392 1442 1395 1453 ,

259 1479 282 1534 l.
295 1497 338 1546 α,
352 1477 494 1532 dominum
511 1485 546 1532 eo
564 1488 693 1548 tempore
709 1477 849 1530 nemiuem
866 1476 979 1530 fratrem
997 1493 1076 1533 suum
1094 1479 1301 1550 appellaturum

258 1571 367 1640 tuoe,
391 1571 448 1636 uisi
472 1573 522 1640 qui
540 1581 589 1627 eut
611 1573 700 1628 freter
719 1573 907 1646 Imperatoris
922 1581 971 1628 eut
987 1573 1087 1630 fratris
1102 1589 1200 1630 servus
1219 1586 1301 1632 osset.

258 1667 332 1722 Nem
351 1668 400 1721 vel·
419 1667 534 1735 ignotos
551 1682 664 1735 quoque
682 1682 721 1720 eo
742 1674 868 1738 tempore
885 1667 1013 1724 dominos
1033 1668 1159 1730 soluturo
1176 1669 1303 1725 solebant

259 1759 341 1828 (sen.
367 1761 424 1830 Ep.
442 1763 470 1818 3.
495 1759 540 1816 Gi.
557 1759 637 1823 Soet.
662 1758 760 1814 Cluud.
779 1761 823 1816 11.
853 1760 939 1818 liert.
957 1764 990 1824 6,
1014 1763 1080 1824 su).
1121 1762 1183 1818 Nec
1210 1752 1308 1820 tumen

259 1853 466 1908 correctionem
490 1869 579 1908 meum
605 1851 755 1906 eominus
772 1851 881 1907 firmum
900 1869 964 1909 esse
979 1854 1129 1924 existim03
1157 1857 1237 1912 eliud
1256 1869 1303 1914 est

258 1945 337 2003 enim
359 1946 473 2002 obvium
491 1929 631 2015 quendem
652 1944 791 2012 solutore,
819 1946 900 2001 uliud
917 1947 947 2001 iu
965 1947 1043 2005 libro
1060 1966 1140 2018 eum,
1166 1950 1202 2005 ed
1219 1968 1302 2021 quem

259 2041 345 2097 datur
362 2042 453 2108 liber,
472 2040 614 2095 domiuum
633 2043 787 2113 appellare.
819 2041 895 2107 Nec,
914 2042 940 2097 si
957 2039 1078 2099 maxime
1096 2045 1152 2104 hoc
1168 2044 1232 2100 fieri
1251 2063 1303 2118 po·

259 2134 576 2205 immurmurent,
596 2136 815 2204 mepeiiudioem
833 2147 929 2203 certe,
947 2149 977 2192 ut
994 2137 1065 2194 iecit
1081 2138 1157 2211 llys.
1175 2142 1231 2207 li„
1249 2141 1305 2196 eli.

259 2245 307 2283 um
326 2229 381 2282 uisi
397 2230 426 2282 in
446 2227 604 2282 celsissimo
621 2227 686 2283 loco
704 2229 890 2284 constitutum
907 2228 974 2298 quis
990 2230 1172 2303 appellasset.

247 2370 253 2375 .
329 2323 399 2377 Pro
416 2320 589 2378 tirocinio
607 2321 689 2390 meo]
714 2320 759 2377 (ll.
777 2321 857 2392 Hyg.
870 2337 919 2392 ep.
935 2321 972 2375 ed
989 2322 1066 2379 Gelo.
1084 2342 1113 2394 p.
1130 2306 1194 2382 18.ι
1211 2327 1259 2381 Ad
1277 2335 1304 2382 te

257 2419 383 2492 primm
401 2417 456 2472 irie
473 2417 546 2472 liier
562 2417 694 2484 fectinet,
712 2421 743 2473 iti
758 2417 834 2484 opud
850 2422 877 2471 ie
895 2417 1031 2489 tyrocinii
1044 2419 1204 2475 rudimento
1219 2421 1302 2490 depo·
1415 2452 1419 2460 ι

258 2521 318 2568 out.
352 2512 430 2584 liyg.
450 2510 486 2567 de
504 2510 578 2568 Lim.
595 2511 693 2569 Consu
709 2528 738 2583 p.
754 2514 814 2570 liiii.
850 2511 900 2567 Ad
916 2513 1093 2573 laboriosnm
1108 2512 1303 2583 apricuitorae

213 2616 215 2627 ¹
258 2607 385 2679 requiem
401 2605 496 2676 primo
512 2606 648 2677 tyrocinii
664 2606 756 2675 produ
771 2606 930 2676 peruenire.

330 2701 368 2754 ln
392 2698 495 2755 brevi
515 2729 545 2740 -
571 2715 641 2753 sum
663 2693 885 2769 persecutns]
922 2701 1019 2754 Bonus
1036 2700 1163 2774 scriptor
1181 2700 1305 2758 dixisset

258 2795 348 2850 brevi.
383 2793 430 2848 De
445 2795 632 2866 persequendi
650 2795 736 2850 verbo
753 2793 790 2850 ci.
810 2794 886 2864 prol.
904 2797 956 2863 59,
977 2798 1036 2850 109.

329 2887 577 2956 Aestiealiom]
610 2889 682 2946 Vox
705 2890 777 2945 setis
794 2904 860 2946 rura
877 2889 1019 2946 iuvenitur
1037 2887 1116 2947 intre
1132 2905 1247 2958 qnoque
1260 2894 1305 2948 48.

258 2980 402 3038 Similiter
419 2982 558 3052 lyemoiio
583 2998 637 3052 pro
661 2982 788 3039 iiiernie
806 2983 917 3040 dixisse
936 2982 1094 3055 Vopiscum
1118 2984 1229 3050 (Aurei.
1250 2991 1305 3055 il.)

259 3076 376 3132 eddom
394 3075 509 3130 Schele.
762 3085 764 3088 “
1139 3132 1142 3139 ,

329 3169 500 3225 Numeros
526 3169 777 3238 instituerem]
831 3168 920 3227 illudo
949 3172 1097 3231 institutore
1117 3170 1307 3240 significabat
1385 3172 1388 3181 “

258 3265 444 3335 praecipere3
469 3263 525 3317 lroc
548 3274 641 3318 eutem
667 3263 733 3317 loeo
756 3270 801 3317 esi
825 3257 921 3330 ponus
940 3263 1090 3334 &mouere
1114 3265 1163 3331 (ci.
1182 3252 1305 3320 statuere

259 3357 304 3412 32
320 3358 365 3411 22
381 3355 455 3422 sd),
477 3365 511 3411 ut
534 3355 610 3426 apud
637 3355 699 3412 (iic.
724 3354 800 3411 nior.
817 3355 851 3422 li,
867 3354 912 3412 it.
950 3356 992 3413 ro
1011 3357 1149 3419 nciiouem
1166 3357 1303 3425 instituis,

261 3450 313 3505 ilie
331 3448 421 3503 aciem
439 3448 566 3506 inctruit.

332 3539 402 3597 Sub
419 3540 559 3596 ratione
576 3539 690 3597 omniu
707 3539 903 3610 declarari]
937 3540 1065 3623 limitem
1084 3545 1306 3625 praepositionis

262 3636 314 3693 eci
331 3649 410 3690 usum
427 3635 517 3692 hebes
533 3636 609 3706 epod
626 3635 705 3706 llyg.
730 3634 768 3689 de
784 3633 859 3692 Lim·
880 3633 974 3697 Consi.
993 3637 1053 3697 196.
1072 3638 1191 3703 ωΜοο
1214 3656 1306 3696 eoem·

261 3731 319 3799 pio.
354 3729 509 3787 crinon.
530 3725 884 3787 tlt.soidoueu1oroii.
1086 3714 1089 3719 ’

331 3821 521 3893 Principio
538 3823 607 3892 etc]
643 3822 687 3878 ci.
700 3834 791 3895 supra
808 3839 836 3892 p.
855 3825 963 3884 illilet
983 3840 1011 3894 p.
1027 3825 1086 3887 1⁷3.
1113 3882 1117 3888 ,
1155 3883 1158 3890 ,

331 3918 460 3973 Auctor
477 3918 525 3986 in]
559 3915 636 3973 iiiuc
659 3923 806 3979 morrone
830 3916 918 3979 simili
937 3920 1101 3988 corruptele
1124 3932 1216 3987 ortum
1235 3936 1305 3991 erut,

265 4020 296 4070 ut
313 4027 440 4084 campum
458 4011 590 4067 iuiruid.
605 4028 642 4066 ex
659 4029 758 4082 compo
776 4011 815 4067 in.
870 4038 878 4075 ,·
928 4044 931 4049 -
973 4052 978 4061 .
1089 4063 1093 4067 .

332 4103 631 4162 Sollicitudinem
650 4105 815 4178 montrum]
851 4104 898 4163 ct.
913 4106 1015 4163 litent.
1034 4107 1165 4176 Aqosed.
1185 4111 1227 4165 11.
