3492 5242
828 657 906 738 too

351 867 593 934 eoerepalerqur,
628 880 698 933 peter
721 863 833 932 peritior
855 864 1025 919 muniuntur.
1045 890 1076 904 -
1131 864 1284 919 Vicinulee
1304 872 1384 920 amm

350 962 427 1024 uiue,
458 960 491 1012 tie
515 959 635 1026 publicio
659 974 727 1028 quae
746 959 923 1014 divertuntur
944 960 976 1013 in
991 975 1091 1028 uqroe,
1120 959 1209 1012 'utitor
1225 958 1384 1014 mento

349 1064 401 1122 pe'r
416 1067 513 1120 peyne.
549 1049 592 1104 cf.
612 1050 680 1121 Ulp.
699 1050 769 1119 Dig·
786 1052 830 1115 43,
848 1053 874 1116 8,
893 1054 918 1116 2,
935 1051 978 1105 22.

420 1143 675 1199 Percurrentes
693 1145 850 1212 proxime
866 1141 1074 1212 ragulirem]
1101 1143 1282 1199 Percurrunt
1299 1145 1385 1213 (cip.

350 1237 423 1301 1⁰⁵.)
443 1251 495 1306 per
518 1235 623 1302 strigas
640 1235 790 1304 copiarum.
846 1237 978 1291 Prominet
996 1237 1158 1304 reputatam
1181 1234 1236 1300 (ita
1263 1235 1388 1290 correxit

347 1331 403 1396 jam
430 1339 493 1383 ante
516 1327 660 1383 Schelium
684 1331 770 1398 Rutg.
790 1329 808 1382 Ι.
829 1346 853 1382 c.
871 1324 946 1388 430.)
971 1327 1118 1383 obscurius
1143 1327 1260 1394 quidem
1289 1327 1386 1383 dictu·

350 1434 406 1490 est,
436 1422 486 1476 sed
505 1422 654 1491 probabile
672 1432 730 1488 est,
762 1422 907 1492 Hyginum
925 1421 985 1476 illie
1004 1422 1098 1477 verbis
1115 1423 1301 1496 significare,
1333 1424 1388 1478 rim

350 1515 498 1570 vicinariee
517 1534 600 1587 neque
622 1518 659 1570 ott
680 1515 752 1568 viem
774 1514 942 1581 angularium
968 1530 1134 1581 percurrere
1155 1516 1185 1569 iu
1205 1531 1301 1582 eaque
1317 1516 1386 1571 deei-

350 1627 427 1664 uere.
461 1610 622 1677 Quanquam
642 1609 715 1664 enim
735 1608 867 1680 Hyginus
884 1597 913 1660 h.
931 1609 951 1662 Ι.
970 1609 1007 1662 de
1025 1608 1170 1662 lateribor
1182 1609 1330 1680 praetorii
1346 1610 1386 1663 io-

350 1702 461 1771 qnitur,
492 1718 608 1769 quornm
630 1702 692 1756 viae
710 1701 863 1755 vicinariae
882 1717 900 1754 a
918 1700 964 1754 via
981 1700 1134 1771 principaii
1153 1702 1300 1773 incipiunt
1316 1713 1345 1759 et
1361 1706 1387 1759 in

350 1797 397 1853 via
413 1797 545 1864 quintana
563 1797 692 1850 desinunt
709 1797 757 1862 (ci.
774 1798 849 1863 33.),
878 1812 911 1851 ea
929 1807 1033 1864 tamen,
1059 1812 1131 1865 quoe
1150 1798 1186 1851 de
1206 1797 1262 1853 viia
1284 1798 1386 1853 vicina·

349 1890 403 1945 riis
430 1892 562 1960 exponit,
598 1890 634 1943 ad
666 1888 811 1944 universos
835 1899 953 1944 totorum
977 1900 1132 1947 castrorum
1161 1892 1324 1963 pertinerem
1358 1908 1388 1947 ac

350 1987 414 2041 uiae
443 1986 595 2041 vicinariee
623 1992 820 2054 praetenturae
846 2001 979 2039 reveren
1002 1987 1053 2040 vie'
1072 1987 1217 2056 praetoria
1243 2004 1336 2055 neque
1355 1986 1387 2041 ei

350 2081 424 2135 viem
445 2079 601 2149 augularem
622 2081 962 2148 percurrunt·(36-39.)‚
998 2077 1123 2147 itemque
1147 2081 1218 2133 viee·
1235 2080 1388 2137 vicinante

350 2175 470 2230 laterum
488 2172 637 2243 praetorii,
661 2173 768 2243 qnippe
786 2186 857 2237 quae
876 2171 1049 2227 continuatae
1067 2189 1118 2243 per
1135 2183 1310 2231 retenturam
1328 2191 1387 2245 per-

350 2281 464 2324 currant
483 2271 565 2336 (43.),
602 2269 631 2321 in
658 2267 730 2321 viem
754 2269 929 2336 regularem,
965 2285 1037 2336 quae
1056 2277 1123 2339 post
1145 2279 1321 2325 retenturam
1338 2279 1387 2335 eat,

351 2367 504 2423 incurrunt
524 2382 527 2389 ·
551 2364 702 2418 Proximus
720 2381 744 2418 c.
762 2379 820 2417 ecc.
840 2362 986 2430 conjungit
1005 2365 1044 2418 18.
1063 2366 1106 2419 tl.
1129 2364 1179 2430 (ci.
1197 2363 1258 2418 Sic.
1276 2365 1326 2419 1³1.
1343 2367 1387 2431 ii,

351 2478 412 2515 cnm
431 2461 488 2514 det.
506 2463 532 2514 7.
554 2462 596 2513 19.
614 2460 674 2524 24„
699 2474 760 2512 cum
778 2459 813 2511 ub
831 2459 874 2513 24.

419 2554 463 2608 Ut
488 2554 527 2606 ad
554 2551 772 2620 eruptionem
792 2575 823 2588 -
843 2550 989 2618 possint]
1026 2552 1074 2605 Au
1092 2566 1164 2605 corr.
1186 2554 1243 2619 jam
1261 2551 1353 2623 Rutg.
1368 2553 1388 2609 Ι.

351 2665 375 2702 c.
393 2649 454 2703 430.
497 2645 617 2700 Viernm
641 2643 841 2700 vicineriarum
860 2662 894 2700 ea
917 2646 1025 2701 utititas
1042 2656 1098 2711 eet,
1127 2655 1158 2700 ut
1175 2662 1229 2715 per
1253 2661 1304 2702 eae
1329 2662 1390 2717 pm

351 2740 497 2811 copiarum
514 2740 542 2793 in
561 2741 633 2794 viem
650 2741 823 2809 seguiorem,
842 2757 908 2811 pare
923 2741 954 2795 in
974 2744 1091 2808 majores
1104 2740 1165 2795 viae
1183 2738 1307 2809 perduci
1326 2756 1390 2811 poa·

251 2824 255 2837 ’
351 2835 404 2902 eit3
422 2851 459 2888 ex
477 2833 579 2902 quibus
596 2833 681 2887 tacite
698 2833 733 2887 ad
754 2835 933 2890 intervallum
953 2833 1127 2904 perveniunt·
1163 2833 1196 2888 si
1214 2833 1282 2900 quis
1295 2845 1390 2895 ‚entem

352 2938 449 2997 putet,
468 2929 518 2981 hes
536 2928 595 2981 viae
613 2927 697 2982 nimie
713 2937 845 2996 angustas
861 2927 949 2982 tuiese
966 2927 1001 2981 ad
1019 2929 1116 2995 copiae
1133 2926 1312 2996 educendos,
1331 2946 1389 2985 en·

352 3020 496 3075 recordari
516 3020 613 3086 velim,
640 3021 775 3075 accedere
793 3021 828 3075 ad
847 3022 934 3091 pedes
954 3025 986 3076 tu
1003 3031 1052 3076 eut
1068 3023 1103 3076 20
1120 3021 1156 3075 ab
1173 3029 1295 3089 utreque
1313 3032 1389 3093 perte

353 3114 440 3184 pedes
457 3118 475 3169 6
494 3115 542 3182 (cf.
561 3131 647 3185 supro
669 3131 697 3185 p.
715 3117 793 3176 ton).
844 3116 1019 3169 Percurrnot
1045 3115 1117 3167 enirn
1145 3111 1208 3169 viee
1235 3115 1389 3173 vicinoniae

353 3210 451 3265 eodem
470 3210 581 3289 rigore,
599 3228 656 3280 quo
672 3211 781 3280 strigae
798 3211 848 3278 (ci.
866 3212 910 3267 36.
929 3224 990 3263 oum
1011 3210 1073 3275 14).

837 3377 901 3428 u.

421 3493 447 3546 N
453 3509 516 3546 nnc
533 3493 785 3564 praetenturae]
809 3492 854 3545 lte
870 3489 999 3545 correxit
1012 3493 1067 3558 jam
1085 3500 1149 3546 ente
1160 3490 1308 3547 Scheiium
1321 3492 1388 3549 Rut-

353 3586 465 3654 geroius
483 3587 502 3639 1.
523 3603 545 3638 c.
566 3603 595 3655 p.
614 3586 657 3639 52.

422 3679 488 3733 Via
505 3676 732 3748 principalis]
766 3679 842 3732 Haec
865 3679 913 3732 vie
935 3679 1109 3744 (1411111.
1130 3679 1184 3741 15.)
1209 3676 1321 3735 dirimit
1345 3683 1388 3737 ite

353 3785 414 3829 tera
437 3771 574 3843 praetorii
592 3788 608 3826 a
626 3781 813 3841 praetentum.
857 3773 965 3826 Nomen
983 3770 1070 3839 (quod
1093 3770 1122 3824 iu
1143 3770 1291 3828 historicis
1313 3775 1388 3847 epoti

354 3867 443 3921 solum
461 3867 524 3920 Liv.
543 3869 584 3931 10,
604 3867 647 3921 32.
666 3866 775 3933 inveni)
793 3865 904 3935 accepit
921 3880 938 3918 a
955 3865 1121 3934 principiis,
1153 3876 1224 3920 tecte
1241 3866 1310 3936 ipro
1329 3868 1389 3939 iip-

353 3959 439 4027 giuo,
465 3959 493 4010 h.
512 3975 536 4011 e.
555 3959 590 4013 eb
614 3976 649 4014 eo
673 3960 750 4026 loco,
778 3959 827 4015 ubi
850 3959 993 4028 principer
1012 3959 1113 4025 (Anm.
1133 3959 1220 4014 Marc.
1239 3961 1286 4022 tt,
1301 3963 1333 4025 ³,
1351 3962 1390 4025 2)

354 4053 399 4106 vei
415 4052 560 4122 principio
577 4053 628 4119 (ib.
649 4058 692 4122 15,
710 4058 736 4120 5,
756 4055 797 4109 liu
817 4051 864 4105 ubi
884 4051 919 4105 ci.
939 4050 1046 4116 Valeo.)
1065 4052 1221 4118 exercitur,
1249 4062 1281 4108 ut
1297 4052 1390 4126 lupe·

355 4155 444 4210 rator‚
462 4145 593 4212 comites,
617 4147 719 4215 iegati,
744 4142 863 4208 tribuni,
882 4143 1005 4199 tendunt„
1039 4145 1120 4199 Hanc
1134 4145 1208 4199 enin
1226 4146 1391 4215 primaria·

353 4241 559 4313 principiorum
575 4240 809 4309 significationem
828 4255 889 4295 esse
906 4256 942 4294 ex
959 4239 1003 4294 eis
1018 4241 1091 4297 lecit
1114 4249 1245 4309 eppuet,
1270 4239 1322 4297 ubi
1337 4242 1390 4299 nii·
