3492 5242
838 611 916 734 rra

352 872 412 918 stru
428 858 603 932 Polybiane,
639 868 795 927 quanquam
819 858 848 912 in
875 858 938 913 illia
962 860 1050 926 major
1075 857 1212 923 militum,
1252 858 1389 930 impriuis

352 955 492 1024 equitatus
510 968 641 1008 numerus
660 953 761 1009 tendit.
789 953 834 1007 cf.
853 951 889 1005 ed
908 952 950 1005 15.
1149 941 1152 948 ’

420 1046 579 1101 Classica
595 1043 769 1110 dicentur]
792 1045 912 1099 .Errore
932 1044 1057 1099 ridiculo
1075 1044 1143 1116 Roy
1163 1045 1220 1100 178.
1239 1053 1270 1101 et
1287 1045 1390 1101 Plener

351 1145 395 1198 69.
411 1143 472 1211 ipsa
488 1151 580 1195 castra
598 1140 716 1194 classica
731 1139 872 1193 nominari
888 1156 925 1193 ex
939 1140 995 1193 hoc
1012 1141 1076 1196 loco
1089 1142 1275 1210 collegerunt.
1304 1143 1391 1197 Usar·

351 1247 400 1306 put
425 1234 540 1303 quidem
564 1233 694 1304 Hyginus
719 1234 779 1286 dici
804 1247 857 1301 pro
883 1233 1028 1286 nominari
1054 1236 1169 1297 (11.15.
1195 1237 1238 1290 18.
1256 1236 1302 1290 49.
1319 1237 1390 1302 illic

350 1331 401 1384 sed
416 1328 539 1382 dubitari
555 1329 633 1381 nullo
649 1335 731 1399 paeto
748 1335 849 1397 potest,
869 1325 936 1393 quia
948 1326 1056 1398 Hygini
1073 1327 1210 1382 sententia
1225 1329 1282 1385 lul.
1297 1344 1333 1383 eu
1344 1329 1389 1396 sit,

297 1419 299 1422 ’
351 1423 430 1478 utin
449 1422 627 1490 longioribus
649 1423 749 1476 castris
771 1423 893 1476 ctuaricu
913 1424 978 1477 cuni
996 1423 1084 1487 dicat,
1120 1421 1188 1490 quin
1206 1422 1340 1477 bucinum
1356 1422 1389 1477 ed

351 1531 460 1593 portam
478 1521 656 1574 decumanam
674 1517 768 1573 audiri
787 1534 843 1570 nou
860 1519 960 1587 possit.
992 1519 1164 1573 classicum
1182 1521 1277 1574 dicere
1296 1521 1389 1575 eaden

350 1617 461 1670 ratione
479 1615 626 1684 usurpauit
643 1615 717 1683 Veg·
735 1617 762 1680 1,
781 1617 825 1670 11.
863 1615 1021 1670 Gluruicum
1039 1615 1105 1669 item
1125 1615 1299 1684 appellatur,
1315 1599 1392 1686 ⁸quot

322 1757 326 1762 ,
351 1711 545 1772 buccinatores
561 1725 615 1777 per
633 1727 720 1764 cornu
739 1711 841 1764 dicuut-
1351 1756 1357 1765 .

419 1803 489 1856 Nec
509 1801 665 1855 bucinum
690 1802 724 1853 iu
743 1800 904 1869 tumultu]
939 1802 999 1855 Nec
1022 1817 1074 1870 pro
1099 1819 1133 1856 ne
1157 1801 1262 1872 scripsi
1282 1803 1390 1870 (eadam

350 1897 514 1965 corruptela
531 1907 575 1966 est
592 1898 636 1962 111,
654 1898 681 1952 9.
707 1899 750 1961 43,
768 1899 811 1962 1.,
847 1906 945 1950 contra
964 1913 1014 1951 uec
1034 1913 1086 1965 pro
1105 1914 1139 1950 ne
1156 1899 1200 1961 411,
1223 1899 1293 1964 tu),
1327 1896 1392 1965 quia

351 2005 407 2044 non
427 1988 526 2054 video,
552 1986 693 2054 quomodo
711 2004 758 2055 ne,
777 1988 853 2054 quod
872 1987 978 2043 Schele
996 1989 1112 2055 retinet,
1124 1989 1274 2060 verrplicuri
1293 1991 1391 2062 possit.

350 2082 383 2138 Si
401 2082 476 2136 enim
494 2081 571 2135 notio
589 2080 738 2135 metuendi
749 2080 906 2152 supplenda
923 2092 1010 2150 esset,
1029 2082 1179 2137 dicendum
1198 2094 1259 2137 eret
1273 2092 1320 2151 ut,
1337 2100 1390 2138 non

350 2195 394 2231 ne.
439 2176 542 2230 Contra
560 2195 611 2232 uec
636 2193 751 2246 prorsus
775 2177 813 2231 ita
831 2187 862 2259 ut
881 2177 911 2232 h.
930 2177 949 2232 l.
969 2193 1017 2246 ea,
1053 2193 1125 2244 quae
1149 2194 1260 2233 causam
1279 2188 1390 2239 autece-

352 2271 477 2325 dentium
494 2270 650 2338 continent,
678 2273 803 2329 annectit
820 2289 906 2344 supra
924 2275 966 2328 15.
1008 2275 1145 2329 Bucinum
1163 2274 1283 2329 classico
1300 2291 1391 2346 oppo-

351 2369 441 2431 nitur,
469 2366 538 2433 quia
556 2357 809 2422 classicumcornn
828 2362 940 2441 canitur
956 2365 1042 2435 (Veg.
1060 2369 1087 2433 1,
1105 2369 1149 2422 11.
1167 2367 1215 2421 ubi
1234 2369 1392 2423 cornicine

351 2459 516 2529 legendum3
552 2460 587 2512 ei.
613 2461 701 2530 Prop.
721 2464 748 2525 3,
767 2463 793 2525 3,
812 2459 855 2512 ll.
883 2458 1021 2514 Varum.
1039 2458 1077 2531 L.⁴
1091 2461 1117 2524 5,
1136 2462 1200 2527 91.).
1251 2461 1333 2517 Quae
1356 2477 1391 2516 ex

351 2553 478 2619 Vegetio
495 2530 537 2605 ⁵de
562 2552 654 2620 siguis
679 2549 802 2606 diversis
826 2549 888 2604 erui
915 2565 1000 2620 posse
1023 2549 1168 2618 uidentur,
1205 2555 1346 2626 proposui
1363 2555 1390 2610 ir

320 2670 322 2677 v
350 2648 428 2701 Hiar.
446 2653 512 2701 mut.
531 2648 566 2703 56
583 2663 625 2713 sq.
680 2647 805 2712 Bucino,
841 2646 887 2701 vel
912 2646 1127 2716 potiusluciuo
1146 2676 1176 2688 -
1198 2663 1232 2701 ea
1254 2649 1392 2704 est-enirn

351 2742 440 2795 torma
459 2740 540 2794 bouis
557 2741 745 2811 scriptoribus
764 2742 865 2796 usitata
884 2770 917 2780 -
936 2740 1075 2809 imprimis
1094 2741 1210 2809 vigiliae
1228 2741 1392 2798 indiceban-

353 2847 401 2899 tur
418 2834 493 2903 (Liu.
511 2839 538 2903 7,
554 2837 599 2891 35.
627 2837 724 2892 Fronu
743 2841 768 2906 1,
788 2840 815 2905 5,
835 2841 877 2892 17.
906 2837 986 2892 Caes.
1003 2837 1038 2889 Β.
1055 2833 1087 2891 G.
1104 2837 1131 2901 1,
1150 2839 1193 2892 95.
1220 2835 1286 2893 Pol.
1303 2840 1331 2899 6.
1350 2838 1391 2893 35.

351 2928 413 2984 cie.
433 2929 507 2982 Mur.
526 2930 615 2995 9,11.
642 2929 906 2998 Ρτορ.4,1,63.).
950 2929 1073 2985 Videtur
1089 2928 1179 2997 igitur
1198 2929 1332 3000 Hyginus
1351 2930 1392 2985 ri·

352 3023 409 3076 tari
428 3019 567 3080 voluisse,
585 3035 620 3072 ne
638 3018 756 3087 vigiliae
774 3020 893 3074 classico
911 3020 1113 3077 indicerentur.
1144 3022 1300 3077 Classicum
1317 3024 1392 3078 enin

352 3123 396 3170 est
419 3112 531 3181 insigne
555 3111 672 3182 imperii
689 3112 820 3181 (vergi,
837 3115 908 3180 11),
944 3112 1018 3180 q'uod
1039 3114 1148 3171 canitur
1171 3126 1320 3186 praesente
1337 3115 1391 3171 lm·

301 3218 304 3224 “
353 3219 484 3280 peratore
504 3206 578 3270 (Liv.
597 3209 624 3272 7,
643 3209 685 3262 36.
705 3207 731 3275 8,
749 3209 793 3263 31.
819 3209 863 3274 18,
882 3207 926 3264 17.
947 3206 1036 3278 Caes.
1052 3209 1087 3262 B.
1105 3202 1143 3264 (1.
1156 3213 1183 3276 9,
1200 3211 1243 3265 81.
1270 3208 1392 3268 Semele

348 3284 400 3379 Llru
418 3305 526 3371 1‚·16.).
571 3303 710 3357 Bucinum
728 3310 819 3356 autem
836 3303 867 3357 iu
885 3304 1015 3367 tumultu,
1042 3303 1072 3358 h.
1091 3319 1115 3357 e.
1134 3303 1163 3357 in
1182 3303 1304 3373 strepitu
1321 3320 1391 3373 quo·

351 3400 430 3465 dam,
464 3399 500 3451 ad
518 3405 626 3465 portam
651 3395 822 3450 decimanum
840 3411 895 3449 nou
919 3405 1012 3465 potest
1036 3396 1121 3450 facile
1139 3397 1286 3460 exaudiri,
1320 3414 1390 3466 quo·

351 3494 426 3548 uiam
449 3501 531 3562 porta
554 3490 705 3545 decumana
722 3508 739 3544 a
756 3490 820 3544 loco
843 3489 1001 3544 cohortium
1024 3490 1190 3559 primarum,
1225 3493 1300 3562 apud
1321 3508 1390 3563 quus

351 3589 432 3658 signa
455 3596 594 3640 canuntur
611 3586 687 3652 (Pol.
705 3588 732 3655 6,
750 3589 822 3656 36),
859 3586 1045 3642 remotissima
1066 3595 1117 3641 est.
1169 3586 1271 3642 Totum
1298 3587 1390 3642 locum

352 3697 407 3737 nou
427 3679 571 3734 intellexit
588 3679 659 3735 Nost
675 3682 736 3736 179.

421 3773 588 3837 Proxime
611 3773 856 3840 quadraturam
874 3783 1096 3842 sequens‘est
1113 3774 1275 3846 dictatio]
1310 3778 1388 3835 live.

351 3868 476 3923 eflicitur
494 3867 600 3936 torma,
619 3863 691 3937 uuae
710 3870 840 3940 proxime
859 3869 896 3923 ad
914 3869 1030 3923 lormam
1048 3867 1212 3937 quadratam
1230 3870 1391 3939 aequilate-

351 3978 412 4019 ram
437 3962 574 4016 accedit
603 3967 782 4037 Quudruturp
809 3967 898 4036 igitur
916 3966 942 4017 h.
961 3964 982 4021 1.
1005 3964 1223 4035 praegneutiore
1246 3963 1391 4035 significe-

352 4058 430 4113 tioue
457 4067 617 4129 usurpatum
644 4070 699 4125 est,
733 4079 814 4130 quam
841 4063 877 4116 ab
903 4061 978 4132 Hyg.
1006 4059 1043 4114 de
1066 4060 1140 4116 Lim.
1162 4059 1258 4116 coust
1278 4064 1338 4118 199.
1363 4072 1392 4117 et

352 4156 446 4232 Anum
463 4150 501 4206 de
518 4152 589 4209 Ver.
608 4154 699 4210 Flum.
718 4159 780 4213 185.
825 4155 871 4210 De
894 4154 1053 4210 accusativo
1071 4170 1088 4209 a
1103 4154 1231 4226 proxime
1250 4154 1391 4225 pendente

352 4247 388 4300 cl.
407 4261 494 4318 supr·
511 4262 538 4317 p.
558 4246 617 4305 156.
654 4249 798 4316 Dictutio,
816 4263 855 4303 sc.
873 4256 1011 4342 metarum
1029 4249 1112 4323 (11).
1130 4247 1251 4319 positum
1277 4257 1320 4307 est
1339 4263 1391 4322 pro
