3492 5242
727 656 734 668 ·
759 627 816 709 lb

266 833 361 923 quod
389 817 529 923 denique
557 832 777 901 miserabilem
803 833 984 900 doctrinam
1013 857 1054 899 ex
1073 831 1216 921 Virgilio
1238 835 1303 933 ιιι-

265 965 417 1032 canoque
437 945 585 1010 baustum
602 944 704 1031 jactet
713 946 768 1026 4⁰).
813 943 967 1010 Ceterum
989 934 1157 1028 concedit,
1179 943 1215 1008 in
1238 967 1304 1010 ser·

265 1076 366 1118 mone
387 1053 471 1119 nibil
491 1053 613 1138 inesse,
636 1054 724 1144 quod
745 1053 866 1119 librum
887 1052 1027 1143 tempori
1047 1062 1123 1142 post
1145 1051 1304 1118 Constan-

266 1148 375 1225 tinuin
404 1161 562 1250 Magnum
600 1160 743 1227 tribuere
784 1184 844 1226 nos
880 1160 1019 1247 jubeat,
1059 1183 1166 1248 neque
1200 1171 1303 1240 curat,

268 1280 377 1336 utrum
399 1281 513 1336 auctor
532 1269 609 1335 libri
634 1269 728 1335 illius
749 1257 875 1358 etipse
896 1290 1016 1333 nomen
1037 1267 1165 1357 Hygini
1185 1271 1303 1338 babue-

222 1467 225 1474 1
266 1380 436 1452 ιίωιιοιιιιι
455 1385 510 1461 ⁴¹).

352 1488 548 1577 Quanquam
569 1489 716 1578 profecto
740 1510 808 1553 non
837 1487 866 1552 is
890 1511 980 1570 sum,
1009 1487 1068 1578 qni
1088 1510 1196 1553 meum
1214 1489 1303 1575 jndi-

266 1595 353 1661 cium
375 1597 426 1662 bis
447 1598 488 1663 de
509 1598 608 1662 rebus
630 1597 698 1660 ulla
718 1594 843 1659 ratione
862 1617 936 1659 cnm
953 1595 1153 1660 Lachmanni
1172 1606 1304 1664 conten·
1408 1636 1419 1678 g

268 1705 363 1790 dam,
387 1706 510 1796 qnippe
533 1705 591 1793 qni
612 1727 718 1793 nuper
739 1703 867 1768 demum
890 1726 1074 1769 mensorum
1096 1704 1197 1770 libros
1219 1716 1301 1772 trac·

264 1824 333 1879 tare
356 1815 537 1903 coeperim,
560 1838 578 1878 a
601 1837 651 1879 me
673 1825 779 1886 tamen
799 1813 971 1901 impetrare
994 1837 1061 1878 non
1083 1816 1198 1905 potui,
1221 1816 1302 1906 quin

263 1922 484 1987 dubitationes
507 1945 593 1987 meas
615 1932 725 1986 contra
743 1921 988 1986 Lacbmunnum
1009 1921 1152 2009 ingenue
1175 1926 1301 2014 profer·

262 2056 344 2096 rem.
389 2029 441 2094 Ac
461 2029 601 2117 primurn
623 2027 754 2117 quidem
776 2038 899 2093 certum
921 2039 990 2113 est,
1012 2030 1047 2095 id
1069 2032 1157 2121 quod
1178 2033 1301 2120 gravis·

264 2139 382 2205 simum
403 2138 508 2205 videri
529 2137 634 2229 possit
654 2146 904 2223 argumentum,
937 2137 1057 2204 librum
1079 2142 1119 2206 dc
1140 2142 1300 2210 limitibus

213 2302 216 2306 .
263 2246 499 2331 constituendis
521 2257 553 2312 et
572 2246 709 2336 primam
729 2255 852 2335 partem
882 2245 1015 2312 alterins
1038 2249 1117 2314 libri
1138 2250 1192 2332 (de
1214 2252 1300 2317 limi·

265 2359 376 2442 tibus,
399 2357 497 2423 Goes.
520 2354 594 2424 203.
617 2353 695 2434 204)
717 2379 785 2420 non
807 2377 904 2443 posse
927 2379 999 2421 esse
1022 2358 1168 2443 ejusdcm
1191 2369 1300 2424 aucto·
1369 2348 1370 2352 ¹

233 2475 236 2484 '
261 2467 308 2532 ris
324 2467 383 2547 ⁴²).
426 2466 510 2530 Pars
532 2463 618 2529 enim
647 2463 724 2528 libri
746 2462 786 2529 de
817 2462 977 2530 limitibus
999 2466 1235 2532 constituendis
1257 2468 1298 2534 de

262 2573 387 2640 eisdem
407 2573 506 2638 rebus
528 2572 608 2661 agit,
631 2570 803 2658 dequibus
824 2571 1042 2659 fragmentum
1062 2574 1141 2640 libri
1162 2575 1298 2642 alterius

233 2728 236 2735 -
261 2682 301 2748 de
322 2681 494 2748 limitibus.
542 2677 608 2761 Sed
629 2700 738 2741 nonne
759 2677 837 2743 binc
859 2680 972 2744 eodem
990 2680 1080 2766 jure,
1104 2706 1168 2772 qno
1192 2685 1295 2750 Lech.

259 2813 399 2857 mannus
434 2788 555 2854 librum
587 2786 627 2851 dc
660 2783 820 2850 limitibus
854 2787 1090 2854 constituendis
1118 2790 1293 2876 damnavit,

260 2900 374 2987 colligi
390 2898 521 2988 potest,
552 2897 767 2983 fragmentum
793 2895 877 2962 illud
898 2899 938 2963 de
966 2900 1125 2966 limitibus
1148 2926 1189 2968 ex
1208 2903 1296 2970 libro

259 3010 300 3076 de
329 3009 401 3075 lim.
425 3020 530 3074 const.
553 3020 740 3098 excerptum
767 3031 839 3074 esse
859 3007 903 3095 ⁴³)
932 3010 1068 3100 ejusque
1092 3012 1129 3078 in
1150 3011 1293 3104 triperti.

326 3207 373 3269 40)
406 3204 516 3258 Laudat
533 3215 629 3258 auctor
644 3217 743 3257 versus
761 3202 874 3256 illorum
894 3221 921 3274 p.
941 3207 1000 3262 172.
1020 3209 1078 3262 171.
1096 3208 1183 3265 Goes.

327 3302 374 3364 41)
398 3301 456 3368 ι1)ε
481 3299 592 3355 nomine
619 3297 729 3370 Hygini
755 3297 882 3353 dubitari
897 3314 960 3353 ‚uon
985 3312 1090 3370 potest,
1117 3303 1152 3357 ci.
1171 3303 1247 3357 inira
1268 3322 1298 3375 p·

257 3397 307 3462 49,
324 3403 381 3450 ιιοι.
400 3396 457 3459 52).
1290 3407 1297 3420 ’

327 3490 375 3552 42)
409 3486 532 3554 Nescio,
558 3487 628 3554 quid
652 3487 709 3542 sibi
725 3489 849 3546 voluerit
865 3489 967 3544 Blume
985 3493 1018 3558 7,
1037 3491 1104 3556 140,
1129 3489 1226 3546 dicens
1243 3493 1298 3548 ni-

258 3597 322 3637 sum
340 3597 415 3648 esse,
439 3582 514 3650 quod
534 3584 666 3654 Hyginus
684 3597 796 3658 praeter
810 3588 914 3642 librum
934 3585 969 3639 de
986 3585 1127 3640 limitibus
1149 3586 1298 3656 (intelligit

259 3677 382 3747 librat,
406 3678 457 3746 qui
476 3680 551 3749 apud
570 3679 656 3734 Goes.
678 3685 826 3739 150-202
845 3683 968 3750 legitur)
993 3678 1163 3749 peculiarem
1189 3679 1295 3735 libro!

257 3771 297 3827 de
322 3772 536 3828 condicionibus
549 3790 692 3844 agrorum
710 3775 864 3846 scripserit.
901 3775 1008 3828 Horum
1026 3771 1098 3827 enim
1114 3784 1294 3840 argumento·

258 3881 322 3921 rum
339 3865 487 3921 diversitas
502 3879 598 3938 aperte
615 3868 739 3922 maximo
756 3879 807 3924 est.

328 3964 374 4028 43)
409 3962 487 4016 Quae
506 3963 738 4033 prosecuti.
757 3964 898 4032 leguntur,
917 3959 1089 4032 respondent
1107 3961 1158 4027 eis,
1178 3963 1297 4030 quaein

260 4056 338 4111 libro
363 4056 400 4110 de
428 4057 486 4110 lim.
510 4070 601 4114 const.
626 4061 807 4115 inveniuntur
832 4077 860 4129 p.
878 4058 938 4112 152.
959 4057 1112 4111 rso-158.
1138 4059 1295 4114 lsi-183.

258 4150 410 4206 Postrema
427 4162 530 4208 tautum
548 4168 614 4222 pars
630 4157 668 4224 (p.
687 4155 749 4216 204)
768 4165 924 4221 quanquam
943 4148 980 4202 de
996 4148 1094 4203 eadem
1114 4166 1146 4203 re
1165 4159 1222 4214 est,
1255 4158 1299 4204 at·

258 4261 318 4314 quc
336 4261 365 4315 p.
385 4247 442 4304 191.
464 4249 529 4312 105,
551 4247 594 4301 ita
611 4262 628 4300 a
645 4247 721 4300 libro
740 4247 777 4301 de
794 4245 852 4302 tim.
869 4252 959 4300 const.
976 4243 1137 4312 discrepat,
1162 4253 1193 4297 ut
1209 4243 1298 4298 attera
