3492 5242
821 650 906 727 tlt

351 853 426 907 bella
448 828 691 918 administrabant,
727 852 776 918 qui
802 850 930 921 auspicis
946 867 1003 905 uon
1023 851 1164 908 habebant
1182 851 1262 918 (Cic.
1283 854 1306 907 1.
1323 868 1347 907 c.
1363 862 1387 905 et

349 949 387 1002 dc
405 946 470 999 111).
489 947 516 1009 2,
535 948 577 1000 36.
608 952 631 1007 l,
652 948 692 999 16.
722 946 864 1011 Mascow,
884 945 999 1012 dejure
1016 948 1151 1014 auspicii,
1172 949 1201 1013 3,
1219 949 1281 1012 4.),
1307 956 1387 1001 tue!

352 1041 555 1108 Imperatorum
580 1052 704 1110 tempore
730 1039 817 1106 legati
835 1037 969 1106 auspiciis
992 1038 1084 1109 ipsius
1101 1041 1301 1109 Imperatoris
1322 1039 1387 1093 bella

351 1131 485 1200 gerebant
498 1133 574 1198 (Tac.
593 1133 666 1185 Anu.
684 1135 710 1199 2,
728 1135 770 1188 41.
792 1135 862 1199 Agr.
880 1135 922 1187 33.
952 1132 1010 1186 Dio
1028 1135 1133 1198 43,.44.
1158 1133 1205 1187 01.
1226 1135 1311 1188 Hiat-
1329 1140 1385 1187 mal.

351 1243 381 1296 p.
398 1229 503 1293 3211)).
538 1225 713 1290 Discrimen,
740 1225 815 1292 quod
838 1224 947 1278 Nouius
965 1242 992 1294 p.
1006 1228 1066 1281 291.
1091 1227 1165 1279 inter
1188 1227 1345 1295 cupierim
1364 1238 1387 1281 ut
1427 1208 1430 1213 Ι

351 1322 505 1388 auspicium
520 1319 630 1387 statuit,
651 1336 668 1372 a
684 1319 868 1389 scriptoribus
884 1336 940 1373 nou
958 1321 1130 1376 observatur.
1141 1348 1171 1361 -·
1213 1321 1317 1376 Poscit
1331 1332 1387 1375 autc

352 1412 494 1467 Schelium
513 1416 639 1469 correxit
656 1415 738 1482 Rutg.
755 1415 775 1468 l.
794 1433 818 1471 c.

420 1508 524 1561 Parte
551 1510 652 1561 laeva
676 1508 831 1563 tribuual
854 1507 1035 1574 statuitur]
1072 1509 1210 1563 Tritona!
1226 1520 1297 1565 ante
1313 1523 1386 1579 prte-

353 1600 455 1655 torium
474 1600 668 1655 collocandum
686 1614 745 1669 est,
764 1602 813 1657 sed
832 1602 884 1668 ita,
910 1615 939 1657 ut
956 1602 1125 1673 respondeat
1144 1602 1292 1669 augurali.
1327 1602 1384 1656 Tri·

353 1696 436 1749 bunal
451 1699 506 1762 jam
525 1697 681 1764 antiquitus
702 1707 766 1751 onte
789 1700 957 1766 praetorium
977 1706 1037 1751 erat
1053 1696 1100 1762 (cf.
1119 1695 1183 1748 Lis.
1202 1697 1247 1760 22,
1268 1698 1384 1752 231111

351 1790 395 1851 22,
407 1792 449 1843 311.
477 1789 521 1844 01.
538 1789 598 1843 ios.
615 1791 649 1844 Β.
668 1791 734 1845 Jud.
751 1793 867 1854 7,1,2.).
906 1791 1008 1846 Graeci
1027 1789 1056 1843 id
1074 1793 1150 1858 βῆμα
1167 1788 1214 1841 vel
1230 1788 1385 1843 accuratius

333 1872 426 1952 ’βῆμα
447 1879 617 1953 στρατηγικὸν
641 1882 686 1937 vel
711 1881 893 1951 στρατιωτικὸν
920 1882 1072 1953 appellant.
1124 1880 1222 1934 Latini
1249 1882 1384 1937 interdu·

351 1959 509 2046 suppetium
528 1974 679 2041 nominant,
699 1985 728 2027 ut
746 1974 826 2028 Caes.
843 1976 876 2030 B.
893 1977 927 2030 G.
940 1981 967 2043 6,
981 1983 1006 2034 3.
1032 1979 1065 2031 B.
1081 1977 1141 2031 str.
1156 1979 1200 2030 64.
1229 1976 1300 2034 Tac.
1319 1979 1384 2033 Aac

355 2074 379 2135 l,
398 2071 440 2124 44.
474 2069 609 2122 Tribunal
629 2084 682 2121 uon
701 2085 811 2139 semper
826 2072 999 2140 exstruitur,
1026 2084 1222 2136 nonnunquam
1238 2071 1320 2140 pnim
1337 2081 1385 2125 tun

353 2162 463 2215 demum
488 2173 657 2217 exstructum
685 2178 746 2215 esse
772 2174 916 2226 narratur,
946 2181 1007 2217 cum
1034 2163 1134 2217 concio
1160 2162 1294 2216 habenda
1318 2172 1386 2217 estet

354 2256 441 2324 (App.
460 2255 494 2308 B.
512 2255 543 2309 0.
563 2257 590 2320 4,
608 2257 651 2310 89.
687 2255 762 2309 Plut.
781 2254 880 2324 Pomp.
900 2257 942 2308 41.
976 2255 1093 2326 ioseph.
1113 2255 1135 2308 1.
1151 2272 1175 2310 ο.
1213 2253 1293 2325 ch.
1311 2256 1385 2309 Nun.

350 2353 419 2414 12).
471 2350 540 2404 Erat
566 2359 657 2402 autem
682 2349 850 2416 cespititium
874 2345 961 2416 (Vop.
980 2347 1069 2403 Prob.
1089 2351 1130 2402 1⁰.
1157 2347 1238 2402 Plio.
1257 2348 1332 2402 Pan.
1347 2350 1386 2404 tt

352 2447 429 2500 Plus
447 2446 548 2514 Pomp.
566 2447 609 2499 41.
626 2442 743 2512 βήματος
760 2441 787 2491 δὲ
804 2438 852 2491 οὐκ
868 2437 954 2503 ὄντος,
990 2438 1051 2491 οὐδὲ
1074 2442 1122 2504 τοῦ
1143 2444 1336 2511 στρατιωτικοῦ
1351 2460 1388 2507 ys·

352 2542 448 2592 οέοθαι
470 2537 636 2602 φθάσαντος,
670 2533 821 2588 inimicis
845 2531 924 2586 αὐτοὶ
944 2530 992 2602 γῆς
1019 2532 1128 2595 ἑκοομὰς
1148 2535 1267 2599 fictitiae
1289 2530 1388 2603 lupari-

350 2653 437 2693 somc
453 2635 498 2686 καὶ
514 2630 571 2684 κατ’
592 2629 709 2700 ἀλλήλω)
725 2632 905 2694 συντιθέντες).
935 2627 969 2680 ln
986 2644 1019 2681 eo
1034 2627 1150 2681 comites
1161 2627 1353 2697 Imperatoris
1366 2638 1390 2682 ct

349 2728 443 2796 legati
466 2724 635 2796 Imperatori
658 2723 829 2779 assistebant
851 2721 1094 2788 (1.1).8,3233.
1123 2720 1190 2773 Τοο.
1210 2723 1287 2773 Ann-
1307 2725 1336 2787 1,
1350 2722 1387 2777 33.

354 2824 415 2878 sos.
433 2823 467 2876 n.
487 2820 552 2876 rua.
570 2825 596 2887 r,
615 2823 639 2884 ι,
658 2821 683 2872 t.
718 2818 885 2886 ,noscano
911 2803 957 2865 aiv
982 2811 1054 2880 αὐτῷ
1078 2810 1194 2879 μμ)...
1218 2811 1293 2867 ...ο
1318 2816 1389 2883 μη

353 2916 402 2987 «ᾗ,
418 2915 544 2986 πρότερον
566 2910 734 2984 παρεμβολὴ)
757 2910 890 2979 βήματος,
924 2906 1058 2967 καταστὰς
1080 2905 1231 2976 ini-aorisia
1253 2907 1324 2971 μετὰ
1343 2910 1389 2961 stit

351 3005 589 3079 ἡγεμονικωτάτων.
609 3004 704 3058 Quint.
723 3003 804 3055 Decl.
817 3005 843 3056 3.
883 3003 926 3056 01.
949 3002 1132 3056 allocutiones
1148 3001 1274 3056 militum
1292 3003 1325 3058 in
1340 3002 1389 3057 οο-

356 3104 450 3155 lumna
468 3100 589 3165 Trajana
607 3110 635 3152 et
652 3097 680 3149 in
699 3096 805 3162 nuruis,
828 3097 955 3159 Eclsltel‚
975 3099 1057 3153 Doct.
1072 3099 1153 3153 Num.
1165 3100 1193 3166 6,
1204 3101 1269 3154 221.
1287 3100 1350 3155 m
1364 3102 1387 3163 1,
1417 3130 1423 3149 .

354 3200 415 3251 stt.
435 3197 493 3249 5⁰3.
511 3194 593 3255 612).
645 3189 751 3243 Conclo
768 3189 793 3241 si
812 3202 872 3243 erat
894 3189 986 3243 futura
1004 3222 1035 3234 -
1054 3191 1248 3244 advocabatur
1270 3191 1387 3247 classico

314 3339 316 3343 .
353 3290 429 3357 (1.1).
447 3293 474 3355 7,
491 3289 535 3342 36.
553 3287 580 3351 3,
596 3285 651 3349 32.)
672 3314 718 3347 -,
736 3280 865 3350 legiones
884 3300 945 3337 cum
965 3287 1086 3339 clamore
1102 3286 1192 3340 alacri
1209 3302 1388 3343 accurrentes

355 3384 433 3452 (vu.
451 3383 529 3439 Max.
551 3384 574 3446 l,
592 3382 618 3444 6,
638 3380 690 3436 11.)
709 3379 820 3444 aquilas
838 3392 867 3433 et
885 3379 965 3446 signa
988 3381 1022 3433 ad
1042 3380 1164 3434 tribunal
1184 3382 1389 3437 constituerunt

355 3477 498 3542 (1.1).22,
517 3479 559 3532 311.
586 3474 652 3529 Tac.
672 3472 744 3526 llist.
762 3477 793 3535 2,
811 3476 854 3528 29.
882 3474 943 3527 Col.
962 3474 1065 3541 Trai),
1101 3472 1262 3540 armatique
1286 3474 1388 3529 militet

320 3550 322 3555 ,
356 3569 479 3625 tribuual
499 3567 745 3622 circumsteterunt
762 3565 849 3629 (Plio.
869 3567 938 3621 Pan.
956 3570 998 3621 66.
1025 3567 1147 3620 triturat
1171 3566 1267 3622 uiridi
1290 3570 1388 3639 cespite

354 3671 539 3726 exstinctum,
568 3678 617 3715 nec
635 3661 754 3726 fascium
775 3668 892 3723 tautum,
924 3665 973 3716 aed
988 3662 1113 3728 pilorum
1129 3662 1330 3731 signorumque
1344 3661 1388 3715 1ο·

244 3743 250 3754 ’
355 3773 423 3811 rtore
447 3756 656 3810 circumdatum.
684 3753 798 3822 Lampr.
818 3753 884 3808 sev.
905 3755 948 3807 41.
966 3758 1031 3819 63).
1083 3751 1115 3806 Si
1141 3752 1260 3808 aderant
1285 3769 1387 3817 onum,

355 3864 457 3919 praeco
475 3845 617 3899 silentium
636 3844 755 3899 faciebat
774 3844 848 3910 (1.1).
866 3848 894 3910 8,
912 3847 954 3900 32.
972 3849 1015 3902 33.
1034 3849 1077 3912 23,
1093 3847 1134 3899 tt.
1162 3846 1238 3915 App.
1258 3848 1294 3901 B.
1313 3848 1346 3905 0.
1361 3848 1388 3915 4,

356 3945 399 3998 63.
435 3941 478 3995 01.
497 3940 556 3993 Jos.
575 3939 609 3993 B.
628 3939 693 3993 iud.
711 3943 737 4006 3,
755 3942 782 4006 6,
800 3942 826 3993 4.
852 3939 927 4007 Veg.
949 3945 973 4004 1,
992 3941 1057 4006 26.)
1090 3940 1252 4009 Imperator
1268 3957 1308 3995 ex
1324 3958 1388 4011 aas·

357 4045 438 4104 gestu
458 4032 563 4087 militas
582 4033 754 4087 allocuturus
773 4035 938 4105 plerumque
957 4037 1059 4099 stabat,
1077 4033 1126 4087 sed
1146 4036 1218 4087 seito
1236 4035 1388 4091 comem

355 4131 386 4183 io
406 4127 541 4183 tribunali
566 4129 657 4198 posits
679 4139 754 4189 erat,
789 4130 818 4182 iu
842 4145 898 4196 qua
923 4127 1072 4180 considere
1098 4136 1192 4194 posset
1208 4126 1286 4192 (1.1).
1303 4130 1386 4195 8,31.

356 4221 432 4278 Suet.
450 4221 532 4279 Galb.
555 4224 617 4289 13).
652 4220 790 4287 Sedcbat,
808 4237 868 4274 cum
885 4224 931 4287 jus
946 4218 1059 4274 «licebat
1076 4217 1150 4287 (1.1).
1168 4221 1195 4285 8,
1211 4222 1257 4276 32.
1284 4220 1330 4276 01.
1348 4220 1387 4287 a
