3492 5242
764 583 1114 725 ,roff

353 870 389 924 ut
418 878 625 951 numerorum
652 856 767 920 horum
795 855 898 919 series
924 855 966 918 ad
992 875 1163 945 numerum
1183 850 1386 942 usque157.

351 967 611 1058 progrederetur.

352 1149 355 1152 ⁴
435 1078 486 1142 Ex
514 1076 710 1149 bibliotheca
731 1076 988 1165 Guelferbytau'a
1019 1072 1115 1140 initio
1144 1073 1242 1158 hujus
1264 1074 1390 1138 saeculi

352 1188 455 1254 codex
476 1197 585 1274 raptus
608 1196 657 1250 est
677 1185 822 1252 Parisios
844 1196 878 1249 et
899 1195 973 1249 ante
994 1207 1115 1249 annum
1136 1182 1267 1272 quidem
1291 1181 1389 1266 1807,

351 1318 417 1383 quo
450 1318 536 1358 auno
571 1293 753 1358 Bredovins
784 1292 1014 1357 bibliothecam
1040 1292 1258 1357 Parisiensem
1298 1292 1387 1358 visit.

351 1404 401 1468 Eo
422 1404 508 1468 enim
530 1415 674 1490 tempore
697 1402 786 1466 Hase
808 1401 952 1466 codicem
977 1402 1047 1487 jam
1069 1402 1250 1466 accuratius
1271 1411 1388 1467 tracta·

235 1517 237 1521 ’
351 1522 440 1579 verat
461 1515 518 1598 j⁴¹)·
574 1510 758 1576 Restitutus
786 1518 836 1605 est
866 1508 1081 1574 bibliothecae
1113 1508 1390 1597 Guelferbytanae

351 1644 437 1686 anno
462 1620 562 1702 1814,
585 1618 696 1707 ibique
719 1642 794 1683 eum
814 1617 1002 1706 nuperrime
1025 1617 1132 1682 denuo
1156 1616 1291 1704 ligatum
1314 1641 1389 1683 esse

224 1791 231 1797 .
330 1752 448 1819 *supra
470 1727 610 1794 vidimus
632 1723 687 1813 ¹¹²).

250 1883 253 1895 ι
372 1851 374 1855 ’
437 1837 476 1902 lu
499 1835 610 1902 codice
627 1837 807 1902 Arccriano
829 1838 916 1903 liber
932 1838 977 1907 ,de
1007 1838 1244 1903 munitionibus
1266 1852 1390 1902 castro·

351 1970 421 2011 rum
449 1945 570 2032 legitur
602 1944 679 2009 inde
708 1970 726 2009 a
754 1945 826 2009 folii
858 1947 947 2013 1261)
977 1947 1147 2011 columnae
1179 1949 1200 2013 2
1228 1938 1315 2012 linea
1348 1946 1390 2013 15

351 2078 454 2142 usque
477 2055 516 2118 ad
538 2054 637 2118 linem
658 2054 827 2119 columnae
848 2054 980 2143 >prioris
1003 2054 1075 2118 folii
1099 2055 1199 2120 1371).
1246 2054 1390 2119 Antece-

314 2148 316 2150 ’
351 2162 432 2227 dunt
454 2163 489 2226 in
515 2162 606 2225 foliis
629 2164 702 2228 125.
727 2161 799 2229 126.
832 2164 1013 2250 fragmenta
1035 2163 1193 2252 quaedam
1214 2165 1390 2228 mathema·

349 2271 413 2337 tica
433 2276 495 2352 ¹¹³),
529 2293 611 2358 quae
640 2270 711 2360 ipse
733 2271 855 2336 codicis
877 2271 1051 2337 Arceriani
1079 2270 1232 2337 librarius
1256 2271 1307 2337 ad.
1320 2256 1389 2358 115*-

350 2380 422 2470 gini
442 2381 591 2446 libellum
613 2406 680 2446 non
700 2382 863 2471 pertinere
885 2404 952 2444 non
963 2380 1092 2446 videtur
1108 2379 1389 2447 animadvertisse..

348 2488 524 2561 Lectiones
557 2490 700 2570 codicis,
733 2512 815 2576 quas
846 2488 917 2578 ipsc
950 2488 1192 2554 accuratissime
1225 2489 1388 2578 excerpsi,

350 2617 462 2661 omnes
485 2596 521 2661 iu
543 2596 694 2662 varietate
716 2595 867 2663 lectionis
890 2597 1004 2681 attuli,
1034 2597 1101 2663 nisi
1124 2598 1214 2686 qnod
1235 2622 1389 2686 compen·

352 2701 404 2766 dia
422 2687 454 2767 h.
477 2728 539 2793 pro
561 2707 638 2788 bru,
661 2729 691 2790 p.
704 2703 775 2793 'pro
797 2726 877 2789 que,
897 2702 945 2765 ’θ’
968 2729 1029 2798 pro
1051 2730 1082 2773 m
1110 2730 1177 2773 non
1201 2707 1311 2773 notavi
1333 2712 1387 2790 ⁴⁴).

419 2925 465 2990 41)
501 2924 537 2979 V.
555 2923 637 2978 flasii
656 2928 786 2998 diolopua
806 2932 839 2984 de
857 2930 952 2984 libello
971 2932 1140 3000 peometra'co
1158 2924 1346 3002 Epaphroditi
1362 2938 1389 2985 et

355 3017 483 3072 Vitruvia·
500 3019 578 3086 Rufi,
608 3019 657 3087 qui
680 3021 787 3089 legitur
813 3023 841 3076 in
871 3025 1006 3095 epistolis
1024 3027 1236 3082 Parisiensibus
1261 3021 1349 3083 editis
1372 3045 1390 3082 a

351 3106 497 3164 Bredovio
515 3126 543 3178 p.
562 3113 720 3170 roi-sea.
757 3115 842 3169 Errat
864 3114 957 3184 igitur
979 3118 1081 3174 Blume
1105 3137 1180 3197 pag..
1191 3123 1249 3176 199.
1269 3135 1388 3190 negem,

350 3203 477 3273 codicem
495 3215 561 3260 unte
585 3221 685 3260 aurnum
706 3211 781 3268 18119.
803 3211 846 3266 vel
865 3215 943 3269 18111.
956 3214 1086 3270 Parisios
1104 3215 1224 3270 venisse.
1258 3204 1389 3271 Errat‘et

349 3296 413 3390 ipse
431 3298 575 3366 Niebuhr,
594 3303 672 3354 Rom.
693 3304 805 3371 Gerrh,
824 3308 854 3372 2,
872 3310 922 3363 551
943 3311 1000 3377 (ed.
1020 3311 1074 3378 L),
1093 3312 1144 3378 qui
1163 3309 1288 3363 codicem
1307 3322 1388 3365 antea

351 3388 542 3446 vindobonae
560 3394 647 3449 fuisse
667 3409 754 3465 putat.
773 3430 809 3440 —
843 3403 973 3459 Ceterum
994 3406 1043 3459 vix
1060 3416 1120 3472 est,
1140 3415 1169 3461 ut
1185 3420 1324 3471 moneam,
1354 3422 1389 3459 ne

349 3481 415 3551 quis
433 3485 470 3538 de
487 3486 608 3542 historia
625 3491 733 3545 codicis
752 3495 815 3548 salli
838 3513 871 3550 se
893 3498 1016 3567 patiatur
1035 3498 1130 3554 verbis
1149 3500 1231 3555 Hasii
1255 3501 1291 3566 (1.
1310 3517 1333 3556 e.
1359 3520 1387 3572 p.

349 3580 425 3646 21⁰):
444 3582 474 3634 in
493 3585 638 3666 variorum
662 3603 760 3643 manua
776 3594 920 3660 pervenit,
943 3602 974 3648 ut
992 3597 1030 3648 ad
1045 3595 1159 3649 Sixtum‘
1176 3595 1281 3662 (voluit
1298 3598 1387 3652 Jecu-

350 3676 421 3741 uem)
441 3677 591 3730 Arrectum
611 3686 637 3732 et
658 3680 771 3737 Petrum
790 3683 978 3764 Scriveriumr
998 3688 1075 3742 iude
1091 3704 1177 3742 uuae
1195 3689 1369 3746 Parisios.

418 3768 463 3832 42)
497 3768 570 3836 Pag.
592 3773 623 3838 7,
641 3783 699 3826 not.
718 3776 755 3841 1).
1365 3794 1367 3798 ’

418 3861 463 3923 13)
499 3861 640 3931 Impressa
678 3877 745 3921 sunt
776 3871 852 3938 apud
886 3874 977 3927 solum
1000 3873 1173 3930 Scriverium
1203 3876 1232 3932 in
1260 3877 1389 3935 editione

350 3953 517 4024 scriptorum
535 3955 572 4010 de
590 3974 621 4011 re
639 3959 757 4015 militari
776 3976 841 4019 ante
859 3967 948 4036 ipsam
967 3971 1244 4028 castrametationem.

417 4051 463 4114 44)
499 4051 555 4105 Ubi
580 4053 718 4110 lectiones
741 4057 851 4134 codicip
868 4063 1019 4119 Arccriaui
1044 4081 1060 4120 a
1084 4083 1128 4122 me
1151 4068 1254 4122 allatae
1277 4066 1388 4124 discre-

350 4150 417 4211 pant
441 4157 458 4195 a
484 4143 667 4212 lectionibus,
696 4165 767 4216 quas
789 4155 936 4224 exemplar
954 4156 1134 4214 Schelianum
1161 4157 1328 4215 fidelissime
1351 4163 1388 4217 ad

350 4235 459 4290 codicis
480 4238 626 4293 Arceriani
647 4241 798 4310 imaginem
815 4261 979 4316 expressum
1003 4253 1043 4322 (p.
1065 4253 1175 4316 1-18)
1193 4251 1329 4323 exbibet,
1356 4255 1389 4310 id
