3492 5242
738 680 817 760 165

262 880 302 933 tia
327 878 402 931 adeo
428 878 576 949 perspicua
601 890 661 946 est,
697 892 727 933 ut
751 881 878 951 intelligi
904 893 1038 949 nequeat,
1075 899 1125 939 cur
1144 883 1323 953 Bouttabu‘

260 971 386 1035 xuti.)
401 974 435 1029 96
452 987 540 1040 equos
564 987 602 1026 ex
626 989 740 1027 numero
760 975 840 1030 inille
865 976 999 1044 deducat,
1030 976 1128 1031 eodem
1146 991 1243 1030 errore
1268 977 1296 1030 14

259 1066 307 1119 414
324 1066 510 1134 quingenaria
527 1067 687 1129 commisso,
706 1068 780 1122 unde
798 1067 940 1136 sequitur,
960 1081 991 1126 ut
1006 1070 1068 1125 alae
1085 1068 1227 1127 miliarias
1246 1069 1298 1124 tri·

260 1162 329 1214 buat
345 1176 432 1227 equos
448 1163 514 1222 964,
540 1163 604 1216 alae
621 1165 823 1232 quingenariae
840 1180 930 1230 equos
946 1167 1007 1221 436.
1035 1182 1038 1187 ·

318 1253 395 1308 vAla
421 1254 672 1323 quingenaria]
717 1255 761 1309 De
788 1255 964 1309 correctione
988 1255 1101 1310 Schelii
1128 1256 1165 1311 cf.
1190 1273 1218 1325 p.
1238 1260 1298 1312 115.

261 1351 367 1404 Locum
387 1351 461 1402 lnurlc
477 1349 544 1404 citat
563 1334 695 1420 Lipsius,
714 1352 747 1404 de
764 1351 824 1404 mil.
844 1351 925 1404 llum.
945 1350 972 1414 3,
991 1353 1024 1403 1.,
1043 1351 1118 1419 Opp·
1137 1352 1165 1415 3,
1181 1352 1223 1410 eti.

330 1445 475 1499 Turmas
493 1443 597 1499 habet
613 1446 709 1514 xvi]
746 1446 829 1498 llunc
847 1454 998 1498 turmarum
1017 1459 1161 1497 numerum
1178 1458 1299 1510 agnosco

260 1538 336 1607 apud
354 1538 420 1590 Tac.
440 1538 513 1592 illst.
532 1541 559 1603 1,
580 1540 621 1593 14.
657 1541 690 1594 14
708 1549 798 1593 turma
816 1537 940 1599 inerant,
966 1547 998 1592 ut
1015 1535 1134 1607 Polybii
1153 1545 1243 1590 aetate
1261 1539 1299 1606 (6,

259 1635 332 1698 25),
366 1630 476 1697 equites
494 1633 542 1695 36,
575 1642 604 1686 ut
622 1642 680 1686 tota
704 1630 750 1684 ala
775 1630 892 1684 liaberet
910 1645 965 1682 non
984 1632 1036 1684 566
1053 1629 1104 1687 sed.
1122 1633 1173 1686 433
1191 1629 1301 1696 equites

259 1727 389 1794 (4116.)
442 1726 513 1779 Cum
532 1726 585 1780 froc
609 1742 723 1780 numero
748 1723 877 1796 conciuit
901 1722 1054 1794 pedaturae
1079 1740 1192 1792 quoque
1216 1724 1299 1779 ratio.

260 1821 334 1874 Alae
352 1818 426 1900 enirn
451 1818 654 1886 quingenariae
672 1817 808 1881 luteribus
827 1817 966 1888 praetorii
991 1817 1137 1888 accipiunt
1153 1821 1188 1875 66
1213 1818 1301 1888 pedes
1312 1806 1329 1886 J

259 1931 313 1984 per
331 1916 382 1968 tuti
401 1915 437 1977 (9.
455 1913 492 1969 cf.
512 1915 625 1981 4633.)
661 1914 765 1969 Τ44414
783 1913 874 1983 igitur
891 1913 1013 1984 pedibus
1029 1912 1060 1974 ip
1079 1911 1224 1980 equitibus
1242 1913 1300 1968 sin·

260 2006 340 2073 gulis
364 2006 531 2076 computatis
554 2007 689 2070 eflicitur,
724 2019 754 2061 ut
772 2006 893 2077 singulis
917 2004 1100 2076 semistrigiis
1125 2005 1227 2076 pedum
1249 2010 1300 2065 ⁷2⁰

261 2098 379 2155 tendant
398 2099 507 2166 equites
526 2103 640 2156 littaei
660 2112 766 2155 turmae
784 2103 809 2157 3.

214 2201 215 2204 ’
330 2193 437 2247 Pruut
455 2210 624 2247 numerum
644 2197 842 2263 turmarum]
878 2197 1062 2258 Accusativus
1081 2199 1187 2269 pendet
1209 2209 1264 2257 nou
1283 2219 1301 2256 4

256 2295 356 2358 prout,
375 2286 448 2353 qnod
468 2287 622 2343 inauditum
640 2292 729 2355 foret,
747 2291 813 2357 sed,
834 2301 863 2344 ut
882 2307 1002 2357 sequens
1020 2308 1131 2360 quoque
1147 2298 1300 2363 equum-ss>

258 2382 340 2436 tutet
357 2397 395 2435 ex
412 2372 644 2438 antecedentibus
661 2385 803 2454 suppleto.

330 2475 499 2546 Amplius]
536 2478 579 2532 cf.
601 2480 643 2532 46.
664 2482 706 2533 41.
726 2489 755 2532 et
774 2479 871 2533 Front.
892 2478 1018 2546 Aquaed.
1039 2482 1074 2535 65
1090 2495 1153 2547 sqq.

330 2568 438 2623 Τ4441
458 2569 563 2639 pedes
581 2572 837 2640 computantur]
874 2570 917 2624 Cf.
935 2571 970 2623 ad
989 2572 1031 2627 25.
1324 2624 1326 2628 .

330 2663 431 2717 Nihil
457 2664 638 2732 dejicitur]
675 2663 780 2718 Schele
805 2663 983 2729 corrigebat:
1014 2665 1167 2722 deducitur.
1208 2669 1302 2734 Atque

257 2771 378 2828 usurpat
396 2773 463 2810 sane
482 2757 614 2828 Hyginus
631 2757 747 2810 verbnm
767 2753 929 2811 deducendi
952 2759 990 2811 16.
1003 2759 1045 2811 31.
1058 2760 1102 2813 35.
1115 2761 1157 2814 37.
1171 2761 1213 2817 38.
1250 2760 1302 2814 At-

245 2865 351 2910 tamen
378 2853 460 2906 etiam
486 2852 608 2920 dejicere
634 2867 669 2905 ec
691 2867 773 2905 sensu
801 2851 858 2904 dici
887 2833 1012 2919 putuisse
1038 2863 1075 2907 e'x
1100 2868 1150 2911 usu
1176 2857 1301 2924 oppositi

259 2946 340 3001 uerbi
367 2947 527 3015 adjiciendi
546 2949 601 3011 (15.
618 2943 723 3003 3541.
742 2950 800 3016 55.)
826 2959 955 3018 apparet.
1003 2926 1148 3004 'Similiter
1172 2950 1302 3021 opposita

259 3044 336 3096 iuter
354 3057 384 3094 se
403 3042 618 3097 sunt‘uccedere
635 3044 677 3097 16.
696 3053 725 3096 et
742 3044 877 3097 decedere
895 3045 938 3099 36

276 3169 285 3179 f
328 3134 533 3187 Praefectus
546 3134 633 3200 alae]
651 3134 818 3189 Praefectus
828 3135 891 3188 alae
904 3135 1044 3190 4411144144
1056 3136 1197 3203 quomodo
1211 3147 1301 3196 teten-

258 3227 345 3288 derit,
358 3227 446 3281 modo
461 3226 556 3280 docui.
592 3227 625 3279 ln
644 3225 780 3296 pedatura
797 3227 859 3282 alae
878 3226 1079 3294 quingenariae
1098 3239 1302 3299 non‘superest

259 3322 356 3385 locus,
389 3336 471 3387 quem
497 3320 653 3389 praefectus
673 3328 805 3386 occupet,
837 3319 862 3372 si
884 3335 984 3373 revera
1008 3321 1094 3391 pedes
1112 3330 1210 3376 ternos
1227 3323 1302 3377 acci-

258 3416 341 3486 piunt
358 3415 477 3482 equites.
512 3411 569 3468 Sed
588 3429 642 3465 non
661 3412 806 3483 accipiunt
823 3412 938 3467 totidem
956 3414 1056 3482 pedes,
1075 3413 1207 3482 quoniam
1225 3417 1300 3472 terni

258 3510 347 3581 pedes
364 3508 431 3562 ideo
449 3508 478 3561 in
497 3506 617 3574 singulis
639 3512 848 3575 computentur,
878 3517 910 3562 ut
933 3508 1109 3578 principales
1126 3508 1221 3563 laxius
1240 3490 1324 3566 ten·¹
1379 3555 1380 3560 ι
1472 3515 1474 3521 “

257 3605 335 3671 dant,
354 3612 385 3657 et
402 3602 561 3672 praefectus
580 3601 672 3654 locum
690 3599 820 3670 accipere
838 3603 932 3671 possit
948 3602 995 3668 (cf.
1012 3602 1047 3656 ad
1063 3605 1087 3657 t.
1100 3604 1164 3670 15.)
1194 3603 1300 3671 ⁴ltaque

257 3710 285 3754 et
303 3699 332 3751 in
351 3698 397 3753 ala
414 3696 536 3751 miliaria
555 3696 630 3752 etin
648 3695 693 3748 ala
711 3695 900 3764 quingenaria
922 3695 1034 3766 equites
1051 3698 1199 3767 gregarios
1218 3699 1300 3755 binos

248 3793 347 3864 pedes
365 3804 393 3847 et
412 3792 542 3847 semisses
558 3793 690 3860 accipere
713 3802 830 3847 statuo.-
858 3792 966 3847 Differt
992 3803 1083 3848 autern
1107 3792 1154 3847 ala
1175 3791 1301 3849 miliaria

257 3889 295 3941 ab
313 3888 358 3941 414
376 3886 632 3954 quingenariam,
667 3898 712 3954 ut,
744 3902 807 3940 curn
826 3887 856 3940 in
874 3886 929 3941 illa
950 3869 1038 3957 pedes
1061 3886 1217 3954 dimidiati,
1250 3891 1299 3957 qui

249 3998 345 4051 >super
372 3981 459 4054 pedes
483 3981 565 4036 binos
582 3993 610 4037 et
634 3982 763 4037 semisses
780 3984 810 4036 in
837 3981 983 4051 equitibus
1007 3981 1130 4048 singulis
1148 3981 1299 4050 computati

256 4085 336 4137 sunt,
367 4076 439 4130 solis
464 4075 671 4146 principalibus
690 4085 866 4135 accrescant,
901 4073 931 4127 in
950 4074 996 4126 ala
1018 4073 1207 4141 quingenaria
1224 4074 1299 4128 inter
1357 4112 1359 4117 ⁴

248 4170 429 4239 praefectum
448 4181 478 4225 et
496 4170 670 4242 principales
687 4167 834 4222 dividendi
851 4167 916 4222 siut.
959 4167 1063 4222 Turrna
1080 4167 1143 4221 alae
1160 4167 1300 4221 miliariue

258 4275 378 4335 occupat
397 4264 484 4334 pedes
504 4260 564 4320 116.Ι
610 4263 717 4319 florum
734 4265 771 4318 96
787 4262 876 4332 pedes
893 4264 1002 4331 equites
1019 4260 1147 4332 gregarii
1165 4263 1199 4321 31
1219 4275 1301 4319 acce·

1025 4396 1089 4462 tt*
