3492 5242
842 663 925 741 171

363 867 437 939 piis,
455 876 486 920 ut
502 863 616 932 saepius
630 861 663 915 *in
682 863 738 916 hnc
755 860 858 917 libello
876 863 974 930 copiae
991 866 1101 919 numeri
1120 875 1263 930 vocantur,
1283 868 1400 939 plerun-

364 979 420 1030 que
438 973 527 1016 tamen
546 957 602 1018 ita,
636 966 667 1012 nt
691 972 791 1012 revera
809 958 917 1010 numeri
935 973 1029 1011 earnm
1051 959 1122 1014 ratio
1141 961 1290 1019 habeatur.
1335 964 1400 1019 aaa

255 1085 257 1091 ·
364 1056 442 1109 vocis
460 1068 537 1106 usum
555 1049 664 1120 Hygini
687 1059 775 1103 aetate
793 1047 925 1102 llornisse
948 1059 1088 1106 testantur
1105 1053 1162 1107 loci
1182 1055 1250 1108 Tac.
1269 1059 1344 1124 Agr.
1362 1059 1399 1112 ta

363 1150 438 1205 llist.
455 1149 520 1213 1,6.
558 1146 601 1199 De
620 1144 807 1216 posteriorum
824 1155 979 1213 temporum
998 1160 1049 1198 usu
1068 1163 1092 1198 v.
1113 1148 1240 1216 Wagner
1257 1149 1295 1202 ad
1314 1151 1401 1206 Ana

363 1245 452 1296 Marc.
474 1242 556 1303 14,1,
572 1239 614 1291 19.
649 1238 755 1290 Formo
773 1238 928 1305 composita
946 1248 1004 1302 est,
1023 1255 1104 1304 quam
1122 1239 1152 1292 in
1171 1241 1402 1299 antecedentibus

363 1351 416 1409 per
428 1334 553 1403 singulas
565 1331 673 1402 species
685 1330 886 1400 descripserat.
912 1329 963 1384 Sic
973 1331 1045 1386 dicit
1055 1351 1218 1405 componere
1231 1337 1308 1390 latus
1322 1352 1400 1407 prae·

364 1428 447 1491 torii,
465 1436 669 1498 praetenturam
683 1428 736 1491 (31.
748 1427 790 1480 34.
807 1424 874 1476 hinc
893 1428 1056 1494 compositio
1075 1429 1117 1481 tn.
1129 1430 1192 1496 41).
1218 1428 1277 1483 Sed
1294 1442 1326 1486 'et
1344 1432 1400 1500 ipse

359 1514 493 1576 nanetus
512 1519 631 1572 militum
649 1517 777 1588 componi
794 1517 903 1571 dicitur
914 1520 955 1572 37.
968 1521 1022 1584 38,
1040 1530 1071 1574 ut
1088 1502 1209 1590 dubites,
1227 1533 1330 1579 nostro
1344 1525 1400 1578 loon

363 1619 455 1672 utruni
473 1615 643 1684 compositae
660 1629 695 1666 an
715 1615 885 1681 compositos
903 1615 1100 1682 corrigendum
1118 1617 1164 1670 sit.
1209 1618 1297 1672 Prius
1316 1631 1400 1674 tanea

362 1713 474 1769 facilius
492 1713 539 1766 sit.
584 1713 689 1776 Formo
709 1719 898 1778 praegnanter
915 1709 1019 1764 dictum
1038 1719 1084 1764 est
1101 1726 1153 1780 pro
1172 1713 1281 1778 formo,
1316 1721 1400 1768 melo·

361 1812 435 1864 tione
453 1815 622 1862 castrorum.
661 1807 739 1859 llaec
756 1822 868 1873 quoqne
886 1805 1062 1875 significatio
1077 1821 1114 1858 ex
1132 1820 1181 1859 usu
1192 1806 1401 1878 ‘sermonisrei

360 1903 519 1957 mensoriae
542 1900 632 1972 petita
650 1913 702 1955 est.
733 1902 768 1957 V.
786 1902 843 1958 Sic.
863 1903 970 1956 Fila.
1017 1903 1052 1954 Et
1076 1902 1203 1971 quomode
1226 1918 1282 1956 unu
1301 1904 1401 1958 reasa'l

360 2002 469 2066 forma,
496 1997 552 2050 olii
570 1997 663 2050 dicunt
679 1999 832 2065 perticam,
859 1997 913 2049 ulii
932 1996 1174 2061 centuriationem,
1200 1997 1256 2050 ult'a‘
1273 1978 1418 2053 morano

360 2111 437 2158 nem,
467 2092 522 2146 olii
540 2091 750 2158 limitationm,
772 2093 834 2144 ⁴olii
852 2090 1096 2154 annullationem,
1124 2090 1178 2143 olii
1197 2097 1296 2160 typon,
1319 2094 1399 2162 'qnod

336 2195 391 2241 'ut
408 2202 495 2254 snpra
512 2187 652 2251 dicimur,
671 2203 726 2238 uno
744 2202 791 2239 ree
810 2192 864 2238 eat:
893 2186 995 2250 formo.
1023 2183 1067 2236 Cl.
1088 2199 1172 2254 snpra
1188 2200 1216 2253 p.
1237 2188 1288 2240 114
1304 2202 1353 2254 sq.
1387 2212 1391 2221 ·

430 2280 516 2334 Alae
537 2277 710 2331 miliarias
728 2278 780 2331 vel
800 2277 1067 2345 quingenariae]
1091 2279 1149 2332 llas
1169 2279 1306 2333 lateribus
1324 2297 1399 2351 prae-

360 2374 429 2431 torii
448 2375 563 2428 tendere
580 2389 676 2442 posse,
696 2373 725 2426 in
745 2373 834 2441 prima
853 2372 922 2424 libri
941 2383 1021 2440 parte
1037 2369 1157 2425 nondum
1174 2373 1298 2429 dixerat.
1334 2377 1400 2431 Nan

359 2484 445 2538 snpra
459 2467 501 2521 ibi
518 2483 612 2521 earum
628 2466 751 2521 rationes
765 2465 898 2533 exposuit
911 2469 994 2530 (10),
1014 2465 1062 2518 ubi
1079 2467 1117 2519 de
1133 2480 1319 2536 praereptura
1335 2470 1399 2538 egit.

360 2565 424 2616 lloc
442 2563 510 2616 inde
529 2561 707 2630 explicatur,
740 2562 818 2627 qnod
837 2562 915 2623 alae,
948 2561 1042 2628 qnnad
1067 2565 1127 2629 ejus
1146 2561 1210 2616 lieri
1237 2575 1342 2632 potest,
1373 2566 1399 2621 in

273 2638 276 2654 ’
361 2669 539 2728 praetenturn
558 2655 674 2709 tendere
692 2654 794 2709 debent
812 2658 859 2722 (cl.
879 2660 942 2721 40).
986 2659 1168 2729 Quapropter
1191 2659 1246 2714 hoc
1272 2663 1338 2717 loon
1354 2664 1400 2717 ad-
1435 2706 1438 2713 .

360 2753 417 2808 dit:
454 2754 481 2807 si
497 2751 636 2822 pedatura
653 2750 819 2818 permiserit
836 2751 884 2817 (cf.
902 2756 971 2820 31),
994 2767 1027 2809 et
1045 2755 1074 2809 in
1093 2759 1210 2823 castris,
1236 2775 1312 2826 quae
1331 2761 1400 2815 inira

359 2850 520 2914 constituit,
554 2846 629 2900 solas
648 2843 707 2898 alas
723 2845 923 2913 quingenariae
949 2847 978 2901 in
996 2849 1135 2904 lateribus
1158 2855 1295 2920 praetorii
1322 2857 1401 2926 ponit

360 2944 556 3006 (11111331.-

428 3035 635 3092 Vexillarii
661 3036 716 3088 vel
741 3036 907 3091 cohortes
933 3038 1107 3092 secundae
1136 3041 1189 3094 rel
1215 3043 1400 3111 peditetae

358 3127 631 3198 quingenariae]
662 3128 705 3182 01.
727 3129 763 3183 de
781 3129 826 3183 his
843 3131 878 3183 ad
898 3134 936 3196 4.,
961 3146 1017 3198 quo
1035 3149 1072 3186 ex
1090 3135 1153 3187 loco
1170 3135 1314 3206 sequitur,
1334 3138 1361 3192 h.
1379 3139 1398 3192 l.

360 3241 412 3295 pro
429 3231 456 3277 et
474 3222 656 3277 scribendum
676 3240 737 3277 esse
753 3230 805 3279 nel.
850 3227 1067 3295 Quinqunps'nso,
1099 3228 1173 3296 qnod
1198 3229 1227 3282 in
1251 3232 1399 3286 codicibus

278 3371 281 3379 ,
360 3330 424 3390 post
442 3320 559 3372 alterurn
577 3318 693 3383 celest,
723 3330 813 3373 ortum
831 3335 892 3372 esse
910 3336 947 3372 ex
967 3330 1103 3389 postrema
1121 3324 1203 3390 hujus
1219 3325 1300 3379 vocis
1316 3328 1398 3382 litera

358 3413 432 3467 vidit
449 3412 559 3467 Schele.
606 3413 759 3473 incastris
784 3411 859 3464 inira
885 3412 1047 3490 constitutis
1075 3415 1220 3469 vexillarii
1242 3434 1332 3489 super
1351 3437 1396 3474 cn·

354 3511 452 3561 horres
470 3505 589 3577 primas,
623 3506 755 3560 cohortes
773 3502 912 3558 secundae
930 3504 965 3556 ad
987 3506 1103 3569 vallum,
1133 3509 1266 3566 cohortes
1287 3513 1396 3582 pedita-

352 3615 402 3658 tae
420 3600 623 3668 quingenariae
640 3600 668 3653 in
688 3609 834 3654 retentura
852 3596 972 3650 tendunt
991 3603 1027 3663 (n.
1046 3600 1202 3658 113031.
1220 3606 1285 3672 44.).

351 3718 354 3724 ·
423 3690 874 3771 Supercohortesprimas]
901 3693 936 3745 ll.
955 3709 979 3746 e.
997 3694 1032 3746 ad
1052 3694 1124 3748 viana
1142 3698 1314 3762 quintanam.
1345 3703 1396 3758 &t-

351 3808 420 3862 per,
455 3790 531 3858 qnod
550 3790 579 3844 h.
598 3789 616 3841 l.
638 3786 743 3854 legitur
760 3794 789 3839 et
808 3786 844 3838 de
868 3786 967 3839 eadem
995 3804 1026 3841 re
1049 3805 1135 3858 supra
1152 3795 1177 3846 Β.
1195 3794 1245 3858 (cl.
1266 3810 1294 3864 p.
1317 3790 1397 3864 tta),

347 3900 441 3954 >prave
466 3883 611 3939 intellexit
628 3880 789 3948 Ropisa,
824 3880 873 3945 qni
900 3882 1014 3936 cohorti
1045 3885 1151 3952 primae
1174 3889 1209 3942 00
1231 3889 1321 3956 pedes
1346 3906 1397 3962 per

350 3980 406 4033 nto
422 3978 567 4047 adsignat,
602 3985 632 4029 et
647 3977 730 4041 iuxta
747 3989 807 4027 eant
826 3975 991 4029 vexillariis
1007 3980 1043 4032 30
1059 3979 1148 4048 pedes
1165 3973 1216 4053 per
1234 3984 1300 4050 110,
1334 4001 1396 4040 enta

353 4073 401 4127 illi
419 4077 454 4130 00
473 4088 525 4143 per
540 4071 607 4135 480,
633 4068 680 4122 his
697 4071 731 4125 90
748 4085 801 4140 per
819 4071 872 4124 140
891 4070 976 4125 dandi
996 4072 1109 4134 luerint.
