3492 5242
852 649 906 727 58

331 878 430 948 ¹csse
447 858 502 933 ¹⁰⁰)
530 864 658 938 narrat,
690 854 768 921 binc
796 867 986 943 argumenta
1016 848 1056 920 ud
1084 853 1162 920 libri
1193 857 1395 924 armenum

356 961 621 1050 impugnandam·
636 962 705 1052 peti
736 986 804 1029 non
826 972 984 1053 possunt,
1014 986 1089 1030 eum
1109 962 1320 1051 gaudendum
1341 987 1394 1054 ps-

356 1073 421 1138 tius
444 1071 540 1139 nobis
562 1072 627 1156 sit,
650 1095 687 1138 ea
708 1095 770 1138 nos
791 1072 930 1138 discere.
1327 1143 1328 1146 ,

438 1179 509 1246 Nec
540 1183 688 1272 profecto
710 1202 818 1246 sermo
849 1180 928 1246 libri
950 1180 990 1246 de
1016 1179 1254 1245 munitionibus
1275 1189 1394 1247 castro·

355 1312 428 1353 rum
458 1288 489 1354 is
522 1299 592 1373 est,
634 1289 693 1378 qui
724 1312 744 1353 a
771 1287 909 1374 Trsjsni
939 1297 1042 1355 aetate
1074 1288 1201 1354 ulicuus
1233 1287 1392 1355 videatur.

354 1399 428 1466 Etsi
461 1399 549 1465 enim
578 1399 738 1466 nonnulla
764 1399 913 1465 continet
920 1447 931 1484 ,
976 1423 1060 1489 quac
1090 1397 1197 1488 primo
1223 1398 1394 1465 oculorum

354 1509 469 1575 obtutu
499 1508 688 1573 inferiorem
717 1518 854 1575 aetatem
884 1531 998 1598 sapere
1019 1507 1209 1590 videantur,
1241 1517 1393 1596 reputar-

353 1619 429 1685 dum
450 1630 559 1685 tamen
584 1628 652 1704 est,
680 1631 845 1685 auctorem
866 1618 940 1710 ipsa
960 1618 1094 1684 materia
1114 1627 1261 1684 coactum
1281 1615 1394 1683 mutu·

353 1728 523 1795 vocabulis
554 1729 841 1818 locutionibusque
873 1754 967 1796 usum
990 1753 1083 1811 esse,
1110 1748 1194 1818 quoe
1215 1726 1255 1792 cb
1277 1725 1394 1793 urbssi

294 1913 296 1916 ¹
353 1838 514 1905 sermonis
535 1847 569 1902 ct
589 1838 729 1927 puritate
750 1849 784 1903 ct
802 1822 964 1926 elegantia
985 1837 1170 1903 abhorrent.
1215 1835 1394 1903 incastris

355 1948 444 2014 euim
474 1970 577 2035 aeque
607 1956 705 2035 atque
743 1946 779 2011 in
816 1960 885 2013 crte
922 1949 1084 2014 mensoria
1112 1972 1219 2014 sermo
1250 1949 1394 2014 rusticus

353 2055 533 2143 regnabat,
562 2054 606 2119 itu
634 2064 670 2120 ut
702 2052 781 2118 libri
812 2054 852 2118 de
881 2055 1040 2121 castrensi
1068 2055 1243 2144 disciplina
1275 2066 1334 2121 cut
1355 2057 1393 2123 de

353 2174 422 2229 arte
458 2163 620 2229 mensoria
663 2162 779 2253 scripti
812 2162 1004 2229 rusticitatis
1041 2164 1210 2249 cujusdam
1250 2165 1394 2255 speciem

352 2273 471 2341 evitare
493 2297 559 2339 non
581 2288 729 2364 possent.
772 2275 947 2341 Praeterea
968 2275 1177 2363 cogitandum
1197 2284 1273 2359 est,-
1291 2274 1395 2341 multa

351 2383 432 2449 odeo
459 2382 494 2447 iu
518 2382 686 2449 codicibus
716 2406 790 2449 esse
813 2392 988 2471 corrupta,
1023 2392 1059 2446 ut
1087 2405 1154 2447 non
1182 2383 1302 2465 verbe,
1336 2385 1394 2451 sed

351 2491 545 2558 sententium
577 2490 747 2580 scriptoris
777 2488 960 2554 restituisse
998 2491 1128 2579 saepius
1158 2491 1236 2556 setis
1273 2493 1393 2558 bebere

274 2663 277 2679 ,
351 2600 544 2685 debeamus,
577 2600 730 2689 quocirca
752 2600 781 2666 si
803 2601 884 2691 quid
913 2622 980 2664 non
1009 2599 1054 2664 ita
1076 2600 1204 2665 restitui
1227 2624 1325 2689 posse
1347 2600 1392 2666 vi·

350 2709 483 2792 tratur,
506 2719 542 2773 ut
563 2708 723 2774 sermonis
744 2707 880 2798 puritati
904 2706 1093 2791 conveniat,
1117 2708 1279 2795 ejusmodi
1299 2708 1391 2775 labes

350 2841 417 2884 non
446 2817 601 2884 continuo
630 2819 754 2884 auctori
783 2816 849 2906 ipsi
870 2815 1114 2904 adspergendue
1145 2829 1232 2883 sunt.
1277 2819 1391 2908 Atque

349 2931 430 2993 haec
452 2926 584 3017 quidem
607 2926 665 3016 qui
687 2926 802 2992 sedulo
825 2926 1056 3013 observaverit,
1079 2929 1108 2993 is
1130 2928 1300 3011 concedet,
1323 2952 1390 2994 ser·

266 3027 272 3041 ’
349 3059 480 3103 monem
502 3034 623 3124 optime
644 3034 820 3100 convenire
841 3035 877 3098 in
899 3036 1064 3102 bominem
1086 3036 1211 3102 altioris
1234 3036 1390 3102 eruditio·

350 3146 403 3210 uis
425 3154 590 3234 expertem
610 3144 747 3231 Trajeni
773 3154 919 3236 tempore
947 3147 1130 3235 degentem.
1189 3145 1304 3212 Sermo
1334 3171 1391 3212 uu·

349 3267 414 3320 tem
447 3253 493 3319 ita
530 3253 674 3320 concinit
702 3277 775 3316 cum
808 3270 958 3319 sermone
994 3254 1196 3344 reliquorum
1228 3253 1390 3320 librorum

350 3364 633 3453 Hyginianorum,
675 3376 711 3427 ut
738 3364 792 3431 vel
816 3365 894 3439 binc
920 3377 1145 3454 argumentum
1171 3364 1240 3457 peti
1267 3367 1389 3455 possit,

351 3498 417 3565 quo
438 3474 615 3564 probetur,
644 3473 747 3540 libros
767 3473 844 3540 illos
865 3473 907 3539 eb
928 3473 1041 3539 eodem
1062 3485 1193 3541 auctore
1214 3497 1286 3543 esse
1313 3498 1388 3564 pro·

353 3684 562 3765 videturesse,
586 3707 617 3753 ut
634 3699 704 3753 alibi
724 3702 844 3772 proprio
863 3718 915 3756 suo
933 3700 1045 3754 nomine
1063 3717 1118 3754 non
1138 3703 1390 3759 commemorares.-

352 3803 405 3848 tur.
445 3791 607 3847 Bellicosae
640 3804 730 3848 autem
753 3797 847 3866 gentis
877 3798 997 3867 glorium
1021 3812 1070 3851 eos
1096 3797 1243 3856 habuisse,
1282 3796 1327 3850 vet
1350 3812 1389 3850 cx

353 3887 471 3958 vopisc.
491 3887 591 3942 Aurei.
610 3890 651 3944 ²6.
672 3889 815 3945 discimus.

319 3970 321 3973 ’
420 3986 481 4048 1⁰⁰)
517 3983 593 4054 Hyg.
620 3985 664 4041 29.
711 3985 886 4042 Cunctorum
921 3987 1052 4041 bellicum
1079 4003 1156 4041 usum
1182 3987 1302 4040 Rotnani
1331 3990 1388 4055 jum

352 4076 467 4132 Lucarlli
492 4087 618 4147 tempore
643 4092 843 4149 coguoverunt.
882 4083 998 4150 Vegetit
1022 4093 1115 4137 cutem
1139 4081 1313 4149 auctoritas,
1338 4082 1388 4150 qui

351 4173 395 4237 (3,
412 4172 458 4238 Ὦ)
476 4186 572 4225 eorum
591 4187 669 4226 usum
689 4172 758 4227 sotis
776 4175 884 4230 exteris
902 4174 1062 4230 nationibus
1085 4175 1247 4230 adscribere
1266 4174 1387 4243 videtur,

352 4279 407 4318 non
426 4264 576 4336 estmagni
596 4265 774 4321 aestimande,
