3492 5242
811 662 995 740 'W

436 882 507 941 stat,
525 869 635 938 equites
654 867 771 938 uigilias
788 867 925 925 circuisse
941 886 978 924 ex
990 870 1061 926 Por.
1078 872 1106 937 6,
1123 871 1166 926 35.
1183 871 1227 926 θίὶ
1251 869 1296 924 Gt.
1307 869 1373 925 Lir.
1383 871 1427 938 ib,
1447 874 1471 926 Ι.

437 965 514 1021 idem
534 976 625 1020 tumen
651 977 749 1017 munus
773 962 849 1032 apud
867 963 1016 1019 caesarem
1035 965 1070 1017 B.
1089 965 1121 1019 0.
1143 968 1167 1029 1,
1184 965 1228 1019 21.
1248 963 1372 1019 tribunis
1389 980 1472 1035 prae·

437 1059 577 1124 tectisque
594 1057 746 1124 iniunctum
764 1055 897 1113 vidimus.
941 1060 1064 1114 Tribuni
1085 1057 1201 1128 vigilius
1223 1059 1370 1114 circueunt
1386 1059 1473 1114 etium

435 1154 510 1225 apud
530 1152 593 1206 Liv.
612 1153 656 1218 ²8,
672 1153 715 1206 tt.
768 1150 926 1205 Probabile
951 1161 1009 1219 est,
1030 1152 1108 1205 'curu
1131 1151 1271 1219 equitatus
1294 1151 1473 1207 exercituum

436 1247 623 1301 Romanorum
645 1260 715 1297 noni
726 1247 788 1312 janu·
807 1252 948 1299 constaret
967 1261 1005 1299 ex
1022 1244 1164 1314 equitibus
1181 1244 1328 1313 Romuuis,
1360 1247 1473 1314 equites
1506 1300 1510 1308 ,

435 1341 529 1396 alares
548 1339 601 1393 itio
619 1353 733 1392 munere
751 1353 806 1392 nou
825 1353 888 1392 esse
906 1338 1026 1394 functos.
1066 1339 1137 1394 Num
1154 1339 1330 1393 tribunoruin
1347 1338 1490 1411 osticium⁵

435 1451 498 1491 esse
515 1433 621 1488 dicitur
639 1442 667 1487 et
682 1433 860 1500 eorum‚'qui
876 1433 1015 1489 exercitui
1033 1444 1181 1505 praesunt,
1198 1434 1313 1504 vigilius
1331 1434 1471 1508 interdurn

436 1528 594 1584 circumire.
620 1527 688 1595 Dig.
702 1529 745 1589 49,
758 1529 800 1588 16,
815 1529 855 1589 12,
869 1528 894 1583 2.
922 1527 1074 1595 Eligebuut
1089 1526 1196 1582 tribuni
1213 1544 1267 1581 non
1281 1528 1403 1597 equites,
1420 1528 1471 1582 sed

436 1622 553 1679 idoneus
572 1620 729 1690 quoslibet,
756 1619 806 1688 qui
823 1636 855 1674 se
872 1619 903 1673 in
922 1637 955 1674 eo
972 1620 1069 1676 officio
1086 1620 1258 1690 adjurarent.
1287 1623 1332 1677 cs.
1350 1621 1424 1692 Veg.
1443 1623 1473 1689 3,

436 1720 461 1773 8.
494 1718 589 1784 Atque
606 1714 634 1768 bi
653 1716 803 1769 cicuitum
822 1705 1010 1779 uocabantur,
1030 1717 1104 1770 uude
1123 1724 1219 1785 postea
1230 1716 1350 1770 militiae
1366 1716 1474 1784 gradus

435 1812 526 1866 iactus
544 1820 595 1864 est.
621 1809 665 1862 cf.
684 1810 758 1878 Veg.
777 1812 803 1875 3,
822 1813 848 1865 8.
868 1807 999 1876 (quocum
1016 1821 1105 1865 tamen
1124 1811 1223 1883 Lydus
1240 1811 1370 1879 (ἰωῆς.
1384 1814 1409 1878 1,
1424 1811 1470 1865 46.

435 1905 588 1965 conciliari
617 1921 672 1960 uon
700 1906 825 1975 poterit).
876 1897 1068 1976 'Quapropter'
1083 1905 1191 1977 Hygini
1216 1908 1304 1961 rerba
1327 1920 1383 1960 non
1405 1913 1473 1959 suut

435 1999 601 2070 uccipiendu
618 1998 654 2052 de
672 1998 947 2068 equitibusvigilias
966 1995 1219 2066 circumeuntibus,
1245 1999 1294 2054 sed
1313 1998 1354 2052 de
1367 1996 1473 2068 equiti·

436 2095 489 2149 bus
505 2104 590 2149 extra
606 2101 695 2147 castra
713 2092 924 2148 excubantibus.
949 2095 1080 2163 Equites
1098 2096 1172 2150 euim
1193 2100 1255 2150 nou
1266 2093 1395 2164 vigilius,
1419 2093 1472 2148 sed
1533 2134 1537 2143 ,

435 2194 531 2244 castra
549 2187 700 2240 circumire
720 2185 790 2240 dicit
811 2184 956 2256 Hyginum
983 2203 1036 2241 nec
1053 2189 1219 2244 conveniret
1234 2205 1296 2244 cum
1307 2203 1364 2255 ¹usu
1382 2187 1474 2243 disci-

434 2281 546 2350 plinae,
579 2281 604 2336 si
629 2280 659 2335 in
678 2281 745 2334 loco
763 2282 941 2351 suspectiore
963 2283 1138 2338 solummodo
1155 2283 1273 2353 vigiliae
1290 2281 1406 2337 circuiri
1423 2281 1473 2335 di·
1518 2299 1522 2304 ¹

435 2385 574 2431 cenentur.
620 2375 746 2444 vigilius
765 2378 840 2430 euim
859 2377 916 2449 ipsi
933 2377 1118 2449 imperatores
1136 2377 1321 2433 circumibant
1338 2378 1472 2444 frequen·

436 2454 1472 2549 mfflmmmmmmmmm.

422 2567 499 2631 ⁴28).
533 2564 652 2633 Equites
668 2574 760 2619 autem
782 2578 882 2619 revera
903 2576 984 2621 extra
1002 2574 1094 2622 castra
1112 2565 1249 2621 ebrcubius
1267 2564 1369 2620 secisse
1386 2573 1473 2619 testu·

437 2668 483 2714 tur
505 2657 563 2714 Sal.
582 2658 649 2726 Jug.
670 2661 736 2713 lotb—
761 2659 886 2728 Veg.-3,
903 2663 929 2715 8.
981 2661 1129 2716 Sciendum
1154 2667 1246 2716 tamen
1264 2647 1330 2726 est,
1365 2656 1472 2728 equitet

305 2776 342 2813 χ
436 2760 518 2808 entra
535 2760 634 2808 caetra
650 2759 801 2808 nocturnus
817 2749 1065 2822 cumdius'furere
1082 2755 1190 2810 debere.
1287 2786 1291 2792 ·
1380 2784 1383 2788 Δ

504 3039 704 3106 Aggeribus
735 3048 844 3092 autem
873 3038 922 3094 ita
950 3042 999 3095 sit·
1025 3039 1168 3108 vallum]
1211 3034 1472 3110 Aqqerisnourine

436 3131 510 3201 quod
524 3132 653 3200 designat
664 3132 805 3202 Hyginus,
827 3151 882 3189 nou
899 3147 941 3192 est
960 3151 1074 3209 prorsus
1091 3151 1192 3190 novum
1208 3143 1240 3188 'et
1254 3133 1290 3186 ab
1305 3129 1471 3185 anteceden-

437 3223 513 3281 tibus
530 3225 673 3305 diversum
691 3226 853 3282 munitionis
871 3244 982 3299 genus,
1005 3232 1056 3286 sed
1074 3229 1185 3301 species
1201 3236 1306 3283 tuntum
1324 3223 1409 3288 nulii,
1426 3234 1473 3277 -ut

438 3321 529 3391 ipsius
547 3321 656 3392 Hygini
680 3323 766 3377 verba
791 3322 924 3379 indicant.
962 3327 1103 3394 Aggerem
1129 3323 1239 3377 scilicet
1258 3317 1389 3390 Hyginus
1411 3331 1472 3370 eum

437 3416 505 3470 vulti
523 3417 644 3486 speciem
662 3415 799 3484 nominet,
822 3432 895 3484 quue
913 3435 968 3473 non
986 3418 1037 3475 fiat
1054 3418 1161 3490 cespite
1178 3423 1226 3471 aut
1241 3412 1338 3484 lupide
1355 3409 1473 3464 ordina·

437 3510 488 3564 tim
512 3511 684 3580 conposito,
719 3509 769 3564 sed
786 3520 874 3566 nerra
899 3521 946 3567 aut
971 3512 1067 3582 lapide
1085 3513 1113 3566 in
1137 3508 1315 3565 altitudinem
1335 3503 1473 3574 quandum

365 3677 369 3682 t
424 3614 542 3671 egesto.
587 3605 665 3657 Haec
682 3604 794 3674 species
814 3604 987 3660 instituenda
1005 3616 1060 3666 est,
1092 3603 1190 3658 sisoli
1208 3599 1358 3658 teneritate
1375 3614 1474 3669 cespes

437 3699 592 3766 inungitur,
611 3714 663 3751 uec
680 3697 792 3767 lapides
811 3697 867 3768 ipsi
886 3713 939 3767 per
955 3713 986 3751 se
1004 3697 1196 3766 continentur,
1213 3711 1305 3763 neque
1323 3710 1393 3748 uero
1410 3698 1474 3747 ce'r·

436 3792 563 3868 solorum
583 3807 647 3846 usrrs
665 3793 798 3862 suppetit.
843 3793 967 3850 Videtur
984 3790 1065 3845 ineo
1083 3791 1255 3847 munimento
1272 3790 1360 3853 fossa,
1388 3786 1474 3857 quip·
1505 3794 1511 3806 ’

437 3894 473 3955 pe
491 3901 562 3954 quae
579 3895 711 3942 accurate
733 3888 854 3959 deprimi
881 3899 1013 3957 nequeat,
1047 3889 1152 3942 nuliius
1175 3884 1307 3941 momenti
1330 3897 1401 3938 esse.
1429 3881 1474 3972 Of:

309 3989 314 3996 '
422 3979 522 4035 Vere.
542 3980 576 4034 R.
596 3980 631 4036 R.
651 3985 675 4048 Ι,
696 3984 736 4037 14.
775 3986 900 4041 Tertium
924 3987 1051 4042 militare
1075 3985 1255 4054 sepimentum
1279 3985 1321 4035 ert
1346 3981 1425 4046 tussa
1449 3983 1476 4030 et

437 4075 546 4130 terreus
564 4064 652 4144 upper
671 4105 715 4126 —.
752 4081 848 4149 Aqqer
864 4081 893 4135 is
912 4082 1012 4146 bonus,
1039 4079 1086 4149 qm'
1103 4076 1272 4132 intrinsecus
1283 4076 1400 4157 junctus
1416 4073 1476 4138 {ur-

437 4187 487 4235 su,
505 4176 553 4224 nul
571 4170 613 4224 itu
631 4171 750 4234 ardum,
769 4179 799 4225 ut
817 4190 878 4226 eum
896 4172 1094 4227 transcendere
1111 4187 1165 4225 nrm
1183 4169 1222 4224 ut
1239 4168 1326 4235 facile
1339 4194 1380 4220 -.
1417 4167 1477 4234 Aq-

340 4317 343 4323 .
438 4280 519 4333 perer
537 4264 585 4336 qui
602 4264 711 4331 fuciunt
727 4265 789 4318 sine
805 4267 896 4334 (uren,
925 4283 973 4322 ecs
990 4266 1102 4336 quidum
1120 4269 1220 4320 uncant
1237 4278 1342 4318 muros.
1361 4259 1478 4316 -Geuua
