<?xml version="1.0" encoding="UTF-8"?>
<!DOCTYPE html PUBLIC "-//W3C//DTD XHTML 1.0 Transitional//EN"
    "http://www.w3.org/TR/xhtml1/DTD/xhtml1-transitional.dtd">
<html xmlns="http://www.w3.org/1999/xhtml" xml:lang="en" lang="en">
 <head>
  <title>
</title>
<meta http-equiv="Content-Type" content="text/html;charset=utf-8" />
  <meta name='ocr-system' content='tesseract 3.04.00' />
  <meta name='ocr-capabilities' content='ocr_page ocr_carea ocr_par ocr_line ocrx_word'/>
</head>
<body>
  <div class='ocr_page' id='page_1' title='image "./liberdemunition00hygigoog_0016.png"; bbox 0 0 3492 5242; ppageno 0'>
   <div class='ocr_carea' id='block_1_1' title="bbox 871 612 899 686">
    <p class='ocr_par' dir='ltr' id='par_1_1' title="bbox 871 612 899 686">
     <span class='ocr_line' id='line_1_1' title="bbox 871 612 899 686; baseline 0 0"><span class='ocrx_word' id='word_1_1' title='bbox 871 612 899 686; x_wconf 79' lang='lat'><strong>2</strong></span> 
     </span>
    </p>
   </div>
   <div class='ocr_carea' id='block_1_2' title="bbox 328 811 1423 1887">
    <p class='ocr_par' dir='ltr' id='par_1_2' title="bbox 328 811 1423 1887">
     <span class='ocr_line' id='line_1_2' title="bbox 368 811 1406 908; baseline -0.008 -20"><span class='ocrx_word' id='word_1_2' title='bbox 368 819 577 903; x_wconf 81' lang='lat' dir='ltr'><strong>auctoritate,</strong></span> <span class='ocrx_word' id='word_1_3' title='bbox 611 841 750 908; x_wconf 86' lang='lat' dir='ltr'><strong>quorum</strong></span> <span class='ocrx_word' id='word_1_4' title='bbox 779 811 867 883; x_wconf 63' lang='lat' dir='ltr'><strong>&#39;alter</strong></span> <span class='ocrx_word' id='word_1_5' title='bbox 884 822 917 901; x_wconf 87' lang='lat'><strong>¹)</strong></span> <span class='ocrx_word' id='word_1_6' title='bbox 950 818 1185 908; x_wconf 80' lang='lat' dir='ltr'><strong>Aeseulapium</strong></span> <span class='ocrx_word' id='word_1_7' title='bbox 1221 818 1315 884; x_wconf 91' lang='lat' dir='ltr'><strong>illum</strong></span> <span class='ocrx_word' id='word_1_8' title='bbox 1349 845 1406 886; x_wconf 84' lang='lat' dir='ltr'><strong>cx.</strong></span> 
     </span>
     <span class='ocr_line' id='line_1_3' title="bbox 369 926 1423 1021; baseline -0.004 -23"><span class='ocrx_word' id='word_1_9' title='bbox 369 929 552 1021; x_wconf 76' lang='lat' dir='ltr'><strong>spectabat,</strong></span> <span class='ocrx_word' id='word_1_10' title='bbox 574 927 633 1017; x_wconf 89' lang='lat' dir='ltr'><strong>qui</strong></span> <span class='ocrx_word' id='word_1_11' title='bbox 653 926 870 1017; x_wconf 71' lang='lat' dir='ltr'><strong>Hippolytum</strong></span> <span class='ocrx_word' id='word_1_12' title='bbox 892 928 976 995; x_wconf 81' lang='lat' dir='ltr'><strong>vitae</strong></span> <span class='ocrx_word' id='word_1_13' title='bbox 999 928 1195 995; x_wconf 87' lang='lat' dir='ltr'><strong>restituisset</strong></span> <span class='ocrx_word' id='word_1_14' title='bbox 1212 964 1253 974; x_wconf 90' lang='lat'>—</span> <span class='ocrx_word' id='word_1_15' title='bbox 1275 940 1423 1018; x_wconf 88' lang='lat' dir='ltr'><strong>praeter.</strong></span> 
     </span>
     <span class='ocr_line' id='line_1_4' title="bbox 328 1036 1405 1115; baseline -0.002 -10"><span class='ocrx_word' id='word_1_16' title='bbox 328 1076 331 1082; x_wconf 91' lang='lat'>·</span> <span class='ocrx_word' id='word_1_17' title='bbox 367 1063 442 1105; x_wconf 91' lang='lat' dir='ltr'><strong>eum</strong></span> <span class='ocrx_word' id='word_1_18' title='bbox 463 1037 590 1104; x_wconf 89' lang='lat' dir='ltr'><strong>scilicet</strong></span> <span class='ocrx_word' id='word_1_19' title='bbox 609 1036 772 1103; x_wconf 89' lang='lat' dir='ltr'><strong>nemiuem</strong></span> <span class='ocrx_word' id='word_1_20' title='bbox 800 1038 920 1103; x_wconf 89' lang='lat' dir='ltr'><strong>librum</strong></span> <span class='ocrx_word' id='word_1_21' title='bbox 954 1042 1099 1104; x_wconf 83' lang='lat' dir='ltr'><strong>nostrum</strong></span> <span class='ocrx_word' id='word_1_22' title='bbox 1123 1048 1314 1115; x_wconf 13' lang='lat' dir='ltr'><strong>sanaturum!</strong></span> <span class='ocrx_word' id='word_1_23' title='bbox 1331 1062 1405 1109; x_wconf 85' lang='lat' dir='ltr'><strong>esse</strong></span> 
     </span>
     <span class='ocr_line' id='line_1_5' title="bbox 365 1145 1404 1237; baseline 0.001 -24"><span class='ocrx_word' id='word_1_24' title='bbox 365 1174 428 1232; x_wconf 77' lang='lat'><strong>-3</strong></span> <span class='ocrx_word' id='word_1_25' title='bbox 458 1147 587 1227; x_wconf 65' lang='lat' dir='ltr'><strong>altere)</strong></span> <span class='ocrx_word' id='word_1_26' title='bbox 614 1156 741 1231; x_wconf 86' lang='lat' dir='ltr'><strong>autem,</strong></span> <span class='ocrx_word' id='word_1_27' title='bbox 783 1147 868 1213; x_wconf 88' lang='lat' dir='ltr'><strong>libro</strong></span> <span class='ocrx_word' id='word_1_28' title='bbox 900 1149 974 1237; x_wconf 89' lang='lat' dir='ltr'><strong>ipso</strong></span> <span class='ocrx_word' id='word_1_29' title='bbox 1004 1171 1079 1212; x_wconf 90' lang='lat' dir='ltr'><strong>cum</strong></span> <span class='ocrx_word' id='word_1_30' title='bbox 1114 1145 1244 1234; x_wconf 71' lang='lat' dir='ltr'><strong>Augias</strong></span> <span class='ocrx_word' id='word_1_31' title='bbox 1275 1145 1404 1225; x_wconf 84' lang='lat' dir='ltr'><strong>stabulo</strong></span> 
     </span>
     <span class='ocr_line' id='line_1_6' title="bbox 366 1255 1404 1345; baseline 0.002 -24"><span class='ocrx_word' id='word_1_32' title='bbox 366 1267 569 1345; x_wconf 84' lang='lat' dir='ltr'><strong>comparato,</strong></span> <span class='ocrx_word' id='word_1_33' title='bbox 613 1255 774 1341; x_wconf 85' lang='lat' dir='ltr'><strong>ejusmodi</strong></span> <span class='ocrx_word' id='word_1_34' title='bbox 814 1257 984 1323; x_wconf 75' lang='lat' dir='ltr'><strong>domandis</strong></span> <span class='ocrx_word' id='word_1_35' title='bbox 1028 1258 1182 1323; x_wconf 84' lang='lat' dir='ltr'><strong>monstris</strong></span> <span class='ocrx_word' id='word_1_36' title='bbox 1224 1256 1404 1325; x_wconf 81' lang='lat' dir='ltr'><strong>Herculem</strong></span> 
     </span>
     <span class='ocr_line' id='line_1_7' title="bbox 364 1365 1403 1456; baseline 0.002 -26"><span class='ocrx_word' id='word_1_37' title='bbox 364 1388 466 1430; x_wconf 90' lang='lat' dir='ltr'><strong>unum</strong></span> <span class='ocrx_word' id='word_1_38' title='bbox 500 1365 578 1430; x_wconf 89' lang='lat' dir='ltr'><strong>satis</strong></span> <span class='ocrx_word' id='word_1_39' title='bbox 610 1388 683 1429; x_wconf 85' lang='lat' dir='ltr'><strong>esse</strong></span> <span class='ocrx_word' id='word_1_40' title='bbox 714 1365 863 1453; x_wconf 74' lang='lat' dir='ltr'><strong>negabat.</strong></span> <span class='ocrx_word' id='word_1_41' title='bbox 926 1365 1100 1448; x_wconf 67' lang='lat' dir='ltr'><strong>Quodetsi¹</strong></span> <span class='ocrx_word' id='word_1_42' title='bbox 1117 1366 1263 1454; x_wconf 84' lang='lat' dir='ltr'><strong>profecto</strong></span> <span class='ocrx_word' id='word_1_43' title='bbox 1295 1388 1403 1456; x_wconf 87' lang='lat' dir='ltr'><strong>neque</strong></span> 
     </span>
     <span class='ocr_line' id='line_1_8' title="bbox 364 1472 1402 1563; baseline 0.001 -25"><span class='ocrx_word' id='word_1_44' title='bbox 364 1472 558 1561; x_wconf 81' lang='lat' dir='ltr'><strong>Aesculapii</strong></span> <span class='ocrx_word' id='word_1_45' title='bbox 593 1483 660 1537; x_wconf 88' lang='lat' dir='ltr'><strong>arte</strong></span> <span class='ocrx_word' id='word_1_46' title='bbox 692 1495 799 1562; x_wconf 91' lang='lat' dir='ltr'><strong>neque</strong></span> <span class='ocrx_word' id='word_1_47' title='bbox 823 1472 976 1538; x_wconf 84' lang='lat' dir='ltr'><strong>Herculis</strong></span> <span class='ocrx_word' id='word_1_48' title='bbox 1007 1473 1133 1538; x_wconf 81' lang='lat' dir='ltr'><strong>viribus</strong></span> <span class='ocrx_word' id='word_1_49' title='bbox 1162 1473 1297 1560; x_wconf 77' lang='lat' dir='ltr'><strong>gloriari</strong></span> <span class='ocrx_word' id='word_1_50' title='bbox 1326 1498 1402 1563; x_wconf 91' lang='lat' dir='ltr'><strong>pos-</strong></span> 
     </span>
     <span class='ocr_line' id='line_1_9' title="bbox 366 1577 1403 1674; baseline 0.001 -25"><span class='ocrx_word' id='word_1_51' title='bbox 366 1607 460 1666; x_wconf 88' lang='lat' dir='ltr'><strong>sum,</strong></span> <span class='ocrx_word' id='word_1_52' title='bbox 491 1604 585 1648; x_wconf 89' lang='lat' dir='ltr'><strong>saeva</strong></span> <span class='ocrx_word' id='word_1_53' title='bbox 613 1592 722 1658; x_wconf 63' lang='lat' dir='ltr'><strong>umen</strong></span> <span class='ocrx_word' id='word_1_54' title='bbox 752 1595 926 1674; x_wconf 79' lang='lat' dir='ltr'><strong>paupertas</strong></span> <span class='ocrx_word' id='word_1_55' title='bbox 948 1621 989 1634; x_wconf 91' lang='lat'>-</span> <span class='ocrx_word' id='word_1_56' title='bbox 1011 1577 1142 1649; x_wconf 83' lang='lat' dir='ltr'><strong>aliunde</strong></span> <span class='ocrx_word' id='word_1_57' title='bbox 1171 1582 1258 1648; x_wconf 89' lang='lat' dir='ltr'><strong>euim</strong></span> <span class='ocrx_word' id='word_1_58' title='bbox 1282 1592 1403 1650; x_wconf 85' lang='lat' dir='ltr'><strong>castro·</strong></span> 
     </span>
     <span class='ocr_line' id='line_1_10' title="bbox 363 1691 1402 1788; baseline 0 -31"><span class='ocrx_word' id='word_1_59' title='bbox 363 1716 435 1757; x_wconf 91' lang='lat' dir='ltr'><strong>rum</strong></span> <span class='ocrx_word' id='word_1_60' title='bbox 459 1691 822 1788; x_wconf 48' lang='lat' dir='ltr'><strong>Romanorum-form&amp;</strong></span> <span class='ocrx_word' id='word_1_61' title='bbox 840 1693 1178 1783; x_wconf 57' lang='lat' dir='ltr'><strong>qarennposatoapm</strong></span> <span class='ocrx_word' id='word_1_62' title='bbox 1200 1691 1402 1780; x_wconf 79' lang='lat' dir='ltr'><strong>temporibus</strong></span> 
     </span>
     <span class='ocr_line' id='line_1_11' title="bbox 362 1797 1402 1887; baseline 0.002 -24"><span class='ocrx_word' id='word_1_63' title='bbox 362 1800 398 1864; x_wconf 91' lang='lat' dir='ltr'><strong>in</strong></span> <span class='ocrx_word' id='word_1_64' title='bbox 429 1822 492 1863; x_wconf 90' lang='lat' dir='ltr'><strong>usu</strong></span> <span class='ocrx_word' id='word_1_65' title='bbox 523 1807 609 1881; x_wconf 85' lang='lat' dir='ltr'><strong>erat,</strong></span> <span class='ocrx_word' id='word_1_66' title='bbox 644 1797 799 1884; x_wconf 71' lang='lat' dir='ltr'><strong>cognosci</strong></span> <span class='ocrx_word' id='word_1_67' title='bbox 831 1821 898 1862; x_wconf 92' lang='lat' dir='ltr'><strong>non</strong></span> <span class='ocrx_word' id='word_1_68' title='bbox 920 1810 1047 1887; x_wconf 90' lang='lat' dir='ltr'><strong>poterat</strong></span> <span class='ocrx_word' id='word_1_69' title='bbox 1069 1839 1129 1884; x_wconf 80' lang='grc'><strong>-,</strong></span> <span class='ocrx_word' id='word_1_70' title='bbox 1152 1811 1184 1864; x_wconf 90' lang='lat' dir='ltr'><strong>et</strong></span> <span class='ocrx_word' id='word_1_71' title='bbox 1204 1822 1281 1865; x_wconf 88' lang='lat' dir='ltr'><strong>vero</strong></span> <span class='ocrx_word' id='word_1_72' title='bbox 1303 1799 1402 1865; x_wconf 87' lang='lat' dir='ltr'><strong>etiam</strong></span> 
     </span>
    </p>
   </div>
   <div class='ocr_carea' id='block_1_3' title="bbox 256 1902 1403 1995">
    <p class='ocr_par' dir='ltr' id='par_1_3' title="bbox 256 1902 1403 1995">
     <span class='ocr_line' id='line_1_12' title="bbox 256 1902 1403 1995; baseline 0.002 -23"><span class='ocrx_word' id='word_1_73' title='bbox 256 1986 259 1989; x_wconf 17' lang='lat'><strong><em>¹</em></strong></span> <span class='ocrx_word' id='word_1_74' title='bbox 364 1906 557 1990; x_wconf 84' lang='lat' dir='ltr'><strong>illecebrae,</strong></span> <span class='ocrx_word' id='word_1_75' title='bbox 590 1902 709 1993; x_wconf 85' lang='lat' dir='ltr'><strong>quibus</strong></span> <span class='ocrx_word' id='word_1_76' title='bbox 737 1902 926 1975; x_wconf 84' lang='lat' dir='ltr'><strong>difficillima</strong></span> <span class='ocrx_word' id='word_1_77' title='bbox 952 1928 1100 1995; x_wconf 89' lang='lat' dir='ltr'><strong>quaeque</strong></span> <span class='ocrx_word' id='word_1_78' title='bbox 1127 1931 1179 1972; x_wconf 90' lang='lat' dir='ltr'><strong>res</strong></span> <span class='ocrx_word' id='word_1_79' title='bbox 1202 1918 1235 1981; x_wconf 84' lang='lat' dir='ltr'><strong>et</strong></span> <span class='ocrx_word' id='word_1_80' title='bbox 1261 1907 1403 1975; x_wconf 84' lang='lat' dir='ltr'><strong>maxima</strong></span> 
     </span>
    </p>
   </div>
   <div class='ocr_carea' id='block_1_4' title="bbox 353 2006 1403 3409">
    <p class='ocr_par' dir='ltr' id='par_1_4' title="bbox 353 2006 1403 3409">
     <span class='ocr_line' id='line_1_13' title="bbox 361 2006 1403 2104; baseline 0.004 -25"><span class='ocrx_word' id='word_1_81' title='bbox 361 2006 633 2103; x_wconf 70' lang='lat' dir='ltr'><strong>caliginesoffusa</strong></span> <span class='ocrx_word' id='word_1_82' title='bbox 654 2010 785 2076; x_wconf 80' lang='lat' dir='ltr'><strong>allicere</strong></span> <span class='ocrx_word' id='word_1_83' title='bbox 806 2034 867 2076; x_wconf 91' lang='lat' dir='ltr'><strong>nos</strong></span> <span class='ocrx_word' id='word_1_84' title='bbox 891 2012 997 2096; x_wconf 86' lang='lat' dir='ltr'><strong>solet,</strong></span> <span class='ocrx_word' id='word_1_85' title='bbox 1032 2037 1083 2078; x_wconf 93' lang='lat' dir='ltr'><strong>me</strong></span> <span class='ocrx_word' id='word_1_86' title='bbox 1110 2008 1333 2104; x_wconf 82' lang='lat' dir='ltr'><strong>impulerunt,</strong></span> <span class='ocrx_word' id='word_1_87' title='bbox 1364 2031 1403 2084; x_wconf 87' lang='lat' dir='ltr'><strong>ut</strong></span> 
     </span>
     <span class='ocr_line' id='line_1_14' title="bbox 361 2117 1402 2206; baseline 0.004 -18"><span class='ocrx_word' id='word_1_88' title='bbox 361 2123 451 2188; x_wconf 88' lang='lat' dir='ltr'><strong>curis</strong></span> <span class='ocrx_word' id='word_1_89' title='bbox 473 2121 650 2186; x_wconf 78' lang='lat' dir='ltr'><strong>identidem</strong></span> <span class='ocrx_word' id='word_1_90' title='bbox 672 2118 819 2206; x_wconf 86' lang='lat' dir='ltr'><strong>repetitis</strong></span> <span class='ocrx_word' id='word_1_91' title='bbox 839 2118 876 2183; x_wconf 90' lang='lat' dir='ltr'><strong>in</strong></span> <span class='ocrx_word' id='word_1_92' title='bbox 898 2117 1019 2186; x_wconf 90' lang='lat' dir='ltr'><strong>librum</strong></span> <span class='ocrx_word' id='word_1_93' title='bbox 1046 2120 1140 2187; x_wconf 91' lang='lat' dir='ltr'><strong>illum</strong></span> <span class='ocrx_word' id='word_1_94' title='bbox 1163 2124 1402 2192; x_wconf 90' lang='lat' dir='ltr'><strong>emendandum</strong></span> 
     </span>
     <span class='ocr_line' id='line_1_15' title="bbox 361 2226 1400 2320; baseline 0.002 -23"><span class='ocrx_word' id='word_1_95' title='bbox 361 2241 394 2298; x_wconf 83' lang='lat' dir='ltr'><strong>et</strong></span> <span class='ocrx_word' id='word_1_96' title='bbox 413 2229 691 2320; x_wconf 86' lang='lat' dir='ltr'><strong>interpretandum</strong></span> <span class='ocrx_word' id='word_1_97' title='bbox 723 2226 958 2292; x_wconf 87' lang='lat' dir='ltr'><strong>incumberem.</strong></span> <span class='ocrx_word' id='word_1_98' title='bbox 1001 2228 1073 2295; x_wconf 90' lang='lat' dir='ltr'><strong>Nec</strong></span> <span class='ocrx_word' id='word_1_99' title='bbox 1095 2230 1174 2295; x_wconf 91' lang='lat' dir='ltr'><strong>adeo</strong></span> <span class='ocrx_word' id='word_1_100' title='bbox 1202 2232 1311 2297; x_wconf 84' lang='lat' dir='ltr'><strong>omnia</strong></span> <span class='ocrx_word' id='word_1_101' title='bbox 1344 2234 1400 2300; x_wconf 92' lang='lat' dir='ltr'><strong>de·</strong></span> 
     </span>
     <span class='ocr_line' id='line_1_16' title="bbox 360 2337 1401 2432; baseline 0.001 -25"><span class='ocrx_word' id='word_1_102' title='bbox 360 2352 490 2432; x_wconf 86' lang='lat' dir='ltr'><strong>sperata</strong></span> <span class='ocrx_word' id='word_1_103' title='bbox 511 2364 548 2406; x_wconf 91' lang='lat' dir='ltr'><strong>ac</strong></span> <span class='ocrx_word' id='word_1_104' title='bbox 570 2337 768 2406; x_wconf 86' lang='lat' dir='ltr'><strong>conclamata</strong></span> <span class='ocrx_word' id='word_1_105' title='bbox 790 2347 879 2420; x_wconf 82' lang='lat' dir='ltr'><strong>suut,</strong></span> <span class='ocrx_word' id='word_1_106' title='bbox 907 2347 943 2402; x_wconf 92' lang='lat' dir='ltr'><strong>ut</strong></span> <span class='ocrx_word' id='word_1_107' title='bbox 963 2338 1069 2426; x_wconf 90' lang='lat' dir='ltr'><strong>primo</strong></span> <span class='ocrx_word' id='word_1_108' title='bbox 1091 2340 1258 2405; x_wconf 90' lang='lat' dir='ltr'><strong>oculorum</strong></span> <span class='ocrx_word' id='word_1_109' title='bbox 1282 2340 1401 2408; x_wconf 87' lang='lat' dir='ltr'><strong>obtutu</strong></span> 
     </span>
     <span class='ocr_line' id='line_1_17' title="bbox 357 2444 1399 2538; baseline 0.001 -23"><span class='ocrx_word' id='word_1_110' title='bbox 357 2450 537 2516; x_wconf 75' lang='lat' dir='ltr'><strong>videnturt·</strong></span> <span class='ocrx_word' id='word_1_111' title='bbox 565 2446 696 2512; x_wconf 81' lang='lat' dir='ltr'><strong>Etenim</strong></span> <span class='ocrx_word' id='word_1_112' title='bbox 724 2456 757 2510; x_wconf 94' lang='lat' dir='ltr'><strong>et</strong></span> <span class='ocrx_word' id='word_1_113' title='bbox 783 2444 935 2511; x_wconf 87' lang='lat' dir='ltr'><strong>codicum</strong></span> <span class='ocrx_word' id='word_1_114' title='bbox 960 2446 1119 2513; x_wconf 88' lang='lat' dir='ltr'><strong>lectiones</strong></span> <span class='ocrx_word' id='word_1_115' title='bbox 1150 2449 1298 2538; x_wconf 81' lang='lat' dir='ltr'><strong>quanvis</strong></span> <span class='ocrx_word' id='word_1_116' title='bbox 1325 2472 1399 2516; x_wconf 90' lang='lat' dir='ltr'><strong>eor-</strong></span> 
     </span>
     <span class='ocr_line' id='line_1_18' title="bbox 356 2555 1398 2648; baseline 0.001 -23"><span class='ocrx_word' id='word_1_117' title='bbox 356 2571 471 2648; x_wconf 83' lang='lat' dir='ltr'><strong>ruptae</strong></span> <span class='ocrx_word' id='word_1_118' title='bbox 498 2558 585 2642; x_wconf 82' lang='lat' dir='ltr'><strong>sint,</strong></span> <span class='ocrx_word' id='word_1_119' title='bbox 617 2555 811 2645; x_wconf 84' lang='lat' dir='ltr'><strong>saepissime</strong></span> <span class='ocrx_word' id='word_1_120' title='bbox 834 2570 942 2623; x_wconf 86' lang='lat' dir='ltr'><strong>tamen</strong></span> <span class='ocrx_word' id='word_1_121' title='bbox 971 2558 1186 2645; x_wconf 70' lang='lat' dir='ltr'><strong>penninarum</strong></span> <span class='ocrx_word' id='word_1_122' title='bbox 1210 2559 1398 2626; x_wconf 81' lang='lat' dir='ltr'><strong>lectionum</strong></span> 
     </span>
     <span class='ocr_line' id='line_1_19' title="bbox 355 2658 1397 2755; baseline 0.002 -22"><span class='ocrx_word' id='word_1_123' title='bbox 355 2666 494 2755; x_wconf 76' lang='lat' dir='ltr'><strong>vestigia</strong></span> <span class='ocrx_word' id='word_1_124' title='bbox 513 2663 611 2730; x_wconf 82' lang='lat' dir='ltr'><strong>nobis</strong></span> <span class='ocrx_word' id='word_1_125' title='bbox 632 2658 824 2747; x_wconf 82' lang='lat' dir='ltr'><strong>exbibent,·</strong></span> <span class='ocrx_word' id='word_1_126' title='bbox 840 2664 961 2754; x_wconf 83' lang='lat' dir='ltr'><strong>quibus</strong></span> <span class='ocrx_word' id='word_1_127' title='bbox 984 2689 1035 2730; x_wconf 94' lang='lat' dir='ltr'><strong>me</strong></span> <span class='ocrx_word' id='word_1_128' title='bbox 1064 2666 1234 2733; x_wconf 83' lang='lat' dir='ltr'><strong>nonnullis</strong></span> <span class='ocrx_word' id='word_1_129' title='bbox 1255 2668 1291 2732; x_wconf 88' lang='lat' dir='ltr'><strong>in</strong></span> <span class='ocrx_word' id='word_1_130' title='bbox 1312 2668 1397 2735; x_wconf 83' lang='lat' dir='ltr'><strong>locis</strong></span> 
     </span>
     <span class='ocr_line' id='line_1_20' title="bbox 356 2774 1395 2866; baseline 0.003 -26"><span class='ocrx_word' id='word_1_131' title='bbox 356 2776 524 2866; x_wconf 73' lang='lat' dir='ltr'><strong>aliquanto</strong></span> <span class='ocrx_word' id='word_1_132' title='bbox 544 2774 675 2840; x_wconf 73' lang='lat' dir='ltr'><strong>felicius</strong></span> <span class='ocrx_word' id='word_1_133' title='bbox 694 2796 791 2839; x_wconf 79' lang='lat' dir='ltr'><strong>nsum</strong></span> <span class='ocrx_word' id='word_1_134' title='bbox 816 2792 908 2856; x_wconf 83' lang='lat' dir='ltr'><strong>esse,</strong></span> <span class='ocrx_word' id='word_1_135' title='bbox 934 2794 1035 2864; x_wconf 71' lang='lat' dir='ltr'><strong>quam</strong></span> <span class='ocrx_word' id='word_1_136' title='bbox 1056 2787 1150 2843; x_wconf 88' lang='lat' dir='ltr'><strong>antea</strong></span> <span class='ocrx_word' id='word_1_137' title='bbox 1170 2779 1294 2852; x_wconf 67' lang='lat' dir='ltr'><strong>laetum</strong></span> <span class='ocrx_word' id='word_1_138' title='bbox 1311 2789 1395 2864; x_wconf 82' lang='lat' dir='ltr'><strong>crat,</strong></span> 
     </span>
     <span class='ocr_line' id='line_1_21' title="bbox 356 2882 1395 2975; baseline 0 -25"><span class='ocrx_word' id='word_1_139' title='bbox 356 2885 531 2970; x_wconf 56' lang='lat' dir='ltr'><strong>existima</strong></span> <span class='ocrx_word' id='word_1_140' title='bbox 560 2895 594 2949; x_wconf 85' lang='lat' dir='ltr'><strong>et</strong></span> <span class='ocrx_word' id='word_1_141' title='bbox 613 2883 765 2951; x_wconf 82' lang='lat' dir='ltr'><strong>universa</strong></span> <span class='ocrx_word' id='word_1_142' title='bbox 786 2882 919 2949; x_wconf 80' lang='lat' dir='ltr'><strong>materia</strong></span> <span class='ocrx_word' id='word_1_143' title='bbox 940 2883 1019 2948; x_wconf 84' lang='lat' dir='ltr'><strong>libri</strong></span> <span class='ocrx_word' id='word_1_144' title='bbox 1041 2907 1077 2949; x_wconf 85' lang='lat' dir='ltr'><strong>ea</strong></span> <span class='ocrx_word' id='word_1_145' title='bbox 1099 2897 1168 2967; x_wconf 80' lang='lat' dir='ltr'><strong>est,</strong></span> <span class='ocrx_word' id='word_1_146' title='bbox 1198 2896 1235 2949; x_wconf 90' lang='lat' dir='ltr'><strong>ut</strong></span> <span class='ocrx_word' id='word_1_147' title='bbox 1265 2883 1301 2949; x_wconf 90' lang='lat' dir='ltr'><strong>in</strong></span> <span class='ocrx_word' id='word_1_148' title='bbox 1321 2884 1395 2975; x_wconf 78' lang='lat' dir='ltr'><strong>pla·</strong></span> 
     </span>
     <span class='ocr_line' id='line_1_22' title="bbox 354 2992 1395 3079; baseline 0.004 -21"><span class='ocrx_word' id='word_1_149' title='bbox 354 2993 451 3058; x_wconf 69' lang='lat' dir='ltr'><strong>rlmls‘</strong></span> <span class='ocrx_word' id='word_1_150' title='bbox 480 2992 567 3059; x_wconf 86' lang='lat' dir='ltr'><strong>locis</strong></span> <span class='ocrx_word' id='word_1_151' title='bbox 605 2992 903 3058; x_wconf 77' lang='lat' dir='ltr'><strong>matbematicorum</strong></span> <span class='ocrx_word' id='word_1_152' title='bbox 944 3003 1208 3079; x_wconf 52' lang='lat' dir='ltr'><strong>argumentorum</strong></span> <span class='ocrx_word' id='word_1_153' title='bbox 1223 2996 1257 3071; x_wconf 84' lang='grc'><strong>3)</strong></span> <span class='ocrx_word' id='word_1_154' title='bbox 1295 2994 1329 3061; x_wconf 80' lang='lat' dir='ltr'><strong>vi</strong></span> <span class='ocrx_word' id='word_1_155' title='bbox 1356 3021 1395 3062; x_wconf 86' lang='lat' dir='ltr'><strong>ac</strong></span> 
     </span>
     <span class='ocr_line' id='line_1_23' title="bbox 355 3100 1394 3191; baseline 0.005 -25"><span class='ocrx_word' id='word_1_156' title='bbox 355 3100 517 3191; x_wconf 76' lang='lat' dir='ltr'><strong>pondere,</strong></span> <span class='ocrx_word' id='word_1_157' title='bbox 546 3123 630 3190; x_wconf 81' lang='lat' dir='ltr'><strong>quae</strong></span> <span class='ocrx_word' id='word_1_158' title='bbox 657 3100 827 3190; x_wconf 80' lang='lat' dir='ltr'><strong>scriptoris</strong></span> <span class='ocrx_word' id='word_1_159' title='bbox 856 3101 1017 3167; x_wconf 84' lang='lat' dir='ltr'><strong>sententia</strong></span> <span class='ocrx_word' id='word_1_160' title='bbox 1045 3100 1165 3184; x_wconf 82' lang='lat' dir='ltr'><strong>fuerit,</strong></span> <span class='ocrx_word' id='word_1_161' title='bbox 1201 3104 1394 3172; x_wconf 81' lang='lat' dir='ltr'><strong>confirmare</strong></span> 
     </span>
     <span class='ocr_line' id='line_1_24' title="bbox 353 3194 1392 3302; baseline 0.004 -26"><span class='ocrx_word' id='word_1_162' title='bbox 353 3210 529 3301; x_wconf 80' lang='lat' dir='ltr'><strong>possimus.</strong></span> <span class='ocrx_word' id='word_1_163' title='bbox 588 3208 627 3277; x_wconf 93' lang='lat' dir='ltr'><strong>Si</strong></span> <span class='ocrx_word' id='word_1_164' title='bbox 654 3194 760 3276; x_wconf 78' lang='lat' dir='ltr'><strong>nibila</strong></span> <span class='ocrx_word' id='word_1_165' title='bbox 787 3209 898 3276; x_wconf 87' lang='lat' dir='ltr'><strong>minus</strong></span> <span class='ocrx_word' id='word_1_166' title='bbox 924 3218 1048 3275; x_wconf 74' lang='lat' dir='ltr'><strong>restant</strong></span> <span class='ocrx_word' id='word_1_167' title='bbox 1077 3211 1254 3296; x_wconf 83' lang='lat' dir='ltr'><strong>nonnulla,</strong></span> <span class='ocrx_word' id='word_1_168' title='bbox 1293 3235 1392 3302; x_wconf 81' lang='lat' dir='ltr'><strong>quae,</strong></span> 
     </span>
     <span class='ocr_line' id='line_1_25' title="bbox 353 3316 1392 3409; baseline 0.003 -24"><span class='ocrx_word' id='word_1_169' title='bbox 353 3319 443 3409; x_wconf 81' lang='lat' dir='ltr'><strong>quod</strong></span> <span class='ocrx_word' id='word_1_170' title='bbox 459 3318 504 3385; x_wconf 80' lang='lat' dir='ltr'><strong>ad</strong></span> <span class='ocrx_word' id='word_1_171' title='bbox 525 3318 598 3408; x_wconf 82' lang='lat' dir='ltr'><strong>ipsa</strong></span> <span class='ocrx_word' id='word_1_172' title='bbox 619 3317 719 3384; x_wconf 83' lang='lat' dir='ltr'><strong>verba</strong></span> <span class='ocrx_word' id='word_1_173' title='bbox 738 3316 910 3405; x_wconf 85' lang='lat' dir='ltr'><strong>scriptoris</strong></span> <span class='ocrx_word' id='word_1_174' title='bbox 935 3316 1070 3404; x_wconf 84' lang='lat' dir='ltr'><strong>attinet,</strong></span> <span class='ocrx_word' id='word_1_175' title='bbox 1104 3319 1228 3386; x_wconf 82' lang='lat' dir='ltr'><strong>incerta</strong></span> <span class='ocrx_word' id='word_1_176' title='bbox 1255 3331 1392 3389; x_wconf 78' lang='lat' dir='ltr'><strong>sunt-ao</strong></span> 
     </span>
    </p>
   </div>
   <div class='ocr_carea' id='block_1_5' title="bbox 354 3528 1390 3917">
    <p class='ocr_par' dir='ltr' id='par_1_5' title="bbox 354 3528 1390 3716">
     <span class='ocr_line' id='line_1_26' title="bbox 422 3528 1390 3640; baseline 0.004 -20"><span class='ocrx_word' id='word_1_177' title='bbox 422 3528 452 3633; x_wconf 82' lang='grc'><strong>1)</strong></span> <span class='ocrx_word' id='word_1_178' title='bbox 486 3558 649 3622; x_wconf 74' lang='lat' dir='ltr'><strong>Scriverius</strong></span> <span class='ocrx_word' id='word_1_179' title='bbox 662 3553 701 3621; x_wconf 86' lang='lat' dir='ltr'><strong>¹iu</strong></span> <span class='ocrx_word' id='word_1_180' title='bbox 720 3569 902 3640; x_wconf 84' lang='lat' dir='ltr'><strong>&#39;praelatione</strong></span> <span class='ocrx_word' id='word_1_181' title='bbox 924 3569 959 3624; x_wconf 84' lang='lat' dir='ltr'><strong>ad</strong></span> <span class='ocrx_word' id='word_1_182' title='bbox 983 3569 1137 3640; x_wconf 83' lang='lat' dir='ltr'><strong>scriptores</strong></span> <span class='ocrx_word' id='word_1_183' title='bbox 1155 3530 1195 3620; x_wconf 83' lang='lat' dir='ltr'><strong>de</strong></span> <span class='ocrx_word' id='word_1_184' title='bbox 1209 3583 1241 3621; x_wconf 88' lang='lat' dir='ltr'><strong>re</strong></span> <span class='ocrx_word' id='word_1_185' title='bbox 1262 3566 1390 3624; x_wconf 77' lang='lat' dir='ltr'><strong>militari.</strong></span> 
     </span>
     <span class='ocr_line' id='line_1_27' title="bbox 354 3657 430 3716; baseline -0.053 0"><span class='ocrx_word' id='word_1_186' title='bbox 354 3657 430 3716; x_wconf 73' lang='grc'><strong>1607.</strong></span> 
     </span>
    </p>

    <p class='ocr_par' dir='ltr' id='par_1_6' title="bbox 418 3755 1076 3832">
     <span class='ocr_line' id='line_1_28' title="bbox 418 3755 1076 3832; baseline 0 -24"><span class='ocrx_word' id='word_1_187' title='bbox 418 3755 448 3820; x_wconf 79' lang='lat'><strong>²)</strong></span> <span class='ocrx_word' id='word_1_188' title='bbox 483 3755 522 3809; x_wconf 86' lang='lat' dir='ltr'><strong>ls.</strong></span> <span class='ocrx_word' id='word_1_189' title='bbox 540 3755 703 3818; x_wconf 74' lang='lat' dir='ltr'><strong>Pantanus,</strong></span> <span class='ocrx_word' id='word_1_190' title='bbox 721 3773 748 3814; x_wconf 77' lang='lat' dir='ltr'><strong>v.</strong></span> <span class='ocrx_word' id='word_1_191' title='bbox 767 3756 842 3811; x_wconf 77' lang='lat' dir='ltr'><strong>intra</strong></span> <span class='ocrx_word' id='word_1_192' title='bbox 859 3775 888 3832; x_wconf 90' lang='lat' dir='ltr'><strong>p.</strong></span> <span class='ocrx_word' id='word_1_193' title='bbox 906 3760 944 3823; x_wconf 81' lang='lat' dir='ltr'><strong>t,</strong></span> <span class='ocrx_word' id='word_1_194' title='bbox 957 3766 1023 3812; x_wconf 82' lang='lat' dir='ltr'><strong>not.</strong></span> <span class='ocrx_word' id='word_1_195' title='bbox 1040 3757 1076 3822; x_wconf 83' lang='grc'><strong>8).</strong></span> 
     </span>
    </p>

    <p class='ocr_par' dir='ltr' id='par_1_7' title="bbox 420 3843 1386 3917">
     <span class='ocr_line' id='line_1_29' title="bbox 420 3843 1386 3917; baseline 0.003 -14"><span class='ocrx_word' id='word_1_196' title='bbox 420 3850 451 3911; x_wconf 76' lang='grc'><strong>3)</strong></span> <span class='ocrx_word' id='word_1_197' title='bbox 486 3849 592 3903; x_wconf 61' lang='lat' dir='ltr'><strong>&amp;rum</strong></span> <span class='ocrx_word' id='word_1_198' title='bbox 614 3849 719 3907; x_wconf 84' lang='lat' dir='ltr'><strong>talibus</strong></span> <span class='ocrx_word' id='word_1_199' title='bbox 742 3851 772 3907; x_wconf 84' lang='lat' dir='ltr'><strong>le</strong></span> <span class='ocrx_word' id='word_1_200' title='bbox 796 3851 881 3916; x_wconf 78' lang='lat' dir='ltr'><strong>rebus</strong></span> <span class='ocrx_word' id='word_1_201' title='bbox 899 3843 955 3904; x_wconf 83' lang='lat' dir='ltr'><strong>vim</strong></span> <span class='ocrx_word' id='word_1_202' title='bbox 978 3846 1085 3917; x_wconf 81' lang='lat' dir='ltr'><strong>injuria</strong></span> <span class='ocrx_word' id='word_1_203' title='bbox 1107 3845 1240 3916; x_wconf 87' lang='lat' dir='ltr'><strong>despexit</strong></span> <span class='ocrx_word' id='word_1_204' title='bbox 1257 3846 1386 3917; x_wconf 78' lang='lat' dir='ltr'><strong>Lipsius,</strong></span> 
     </span>
    </p>
   </div>
   <div class='ocr_carea' id='block_1_6' title="bbox 248 3930 1386 4013">
    <p class='ocr_par' dir='ltr' id='par_1_8' title="bbox 248 3930 1386 4013">
     <span class='ocr_line' id='line_1_30' title="bbox 248 3930 1386 4013; baseline -0.003 -16"><span class='ocrx_word' id='word_1_205' title='bbox 248 3950 250 3955; x_wconf 82' lang='grc'>’</span> <span class='ocrx_word' id='word_1_206' title='bbox 351 3941 402 4010; x_wconf 83' lang='lat' dir='ltr'><strong>qui</strong></span> <span class='ocrx_word' id='word_1_207' title='bbox 428 3937 589 4013; x_wconf 69' lang='lat' dir='ltr'><strong>Polybiane</strong></span> <span class='ocrx_word' id='word_1_208' title='bbox 616 3954 709 4001; x_wconf 81' lang='lat' dir='ltr'><strong>castra</strong></span> <span class='ocrx_word' id='word_1_209' title='bbox 733 3930 918 4010; x_wconf 77' lang='lat' dir='ltr'><strong>describens,</strong></span> <span class='ocrx_word' id='word_1_210' title='bbox 950 3957 1012 3997; x_wconf 86' lang='lat' dir='ltr'><strong>curn</strong></span> <span class='ocrx_word' id='word_1_211' title='bbox 1044 3956 1220 3994; x_wconf 81' lang='lat' dir='ltr'><strong>numerorum</strong></span> <span class='ocrx_word' id='word_1_212' title='bbox 1249 3939 1386 4009; x_wconf 81' lang='lat' dir='ltr'><strong>quandam</strong></span> 
     </span>
    </p>
   </div>
   <div class='ocr_carea' id='block_1_7' title="bbox 351 4032 1390 4282">
    <p class='ocr_par' dir='ltr' id='par_1_9' title="bbox 351 4032 1390 4282">
     <span class='ocr_line' id='line_1_31' title="bbox 352 4032 1390 4106; baseline 0.004 -20"><span class='ocrx_word' id='word_1_213' title='bbox 352 4033 587 4106; x_wconf 79' lang='lat' dir='ltr'><strong>computationem</strong></span> <span class='ocrx_word' id='word_1_214' title='bbox 611 4035 768 4092; x_wconf 85' lang='lat' dir='ltr'><strong>sententiae</strong></span> <span class='ocrx_word' id='word_1_215' title='bbox 795 4032 864 4092; x_wconf 80' lang='lat' dir='ltr'><strong>suae</strong></span> <span class='ocrx_word' id='word_1_216' title='bbox 893 4033 1029 4106; x_wconf 79' lang='lat' dir='ltr'><strong>refragari</strong></span> <span class='ocrx_word' id='word_1_217' title='bbox 1053 4033 1177 4089; x_wconf 84' lang='lat' dir='ltr'><strong>videret:</strong></span> <span class='ocrx_word' id='word_1_218' title='bbox 1209 4035 1284 4105; x_wconf 72' lang='lat' dir='ltr'><strong>»Epo</strong></span> <span class='ocrx_word' id='word_1_219' title='bbox 1307 4032 1390 4103; x_wconf 85' lang='lat' dir='ltr'><strong>vero,&#39;</strong></span> 
     </span>
     <span class='ocr_line' id='line_1_32' title="bbox 351 4116 1384 4198; baseline -0.001 -15"><span class='ocrx_word' id='word_1_220' title='bbox 351 4128 443 4196; x_wconf 87' lang='lat' dir='ltr'><strong>inquit</strong></span> <span class='ocrx_word' id='word_1_221' title='bbox 465 4116 515 4196; x_wconf 79' lang='lat' dir='ltr'><strong>(de</strong></span> <span class='ocrx_word' id='word_1_222' title='bbox 537 4129 596 4185; x_wconf 89' lang='lat' dir='ltr'><strong>mil.</strong></span> <span class='ocrx_word' id='word_1_223' title='bbox 622 4127 759 4198; x_wconf 70' lang='lat' dir='ltr'><strong>Rom&#39;b,</strong></span> <span class='ocrx_word' id='word_1_224' title='bbox 775 4123 829 4196; x_wconf 70' lang='lat' dir='ltr'><strong>ll,</strong></span> <span class='ocrx_word' id='word_1_225' title='bbox 863 4120 938 4195; x_wconf 60' lang='lat' dir='ltr'><strong>eca&#39;o&#39;,</strong></span> <span class='ocrx_word' id='word_1_226' title='bbox 965 4128 1105 4185; x_wconf 80' lang='lat' dir='ltr'><strong>Martiam</strong></span> <span class='ocrx_word' id='word_1_227' title='bbox 1133 4128 1203 4184; x_wconf 75' lang='lat' dir='ltr'><strong>lanc</strong></span> <span class='ocrx_word' id='word_1_228' title='bbox 1228 4145 1301 4198; x_wconf 80' lang='lat' dir='ltr'><strong>esse,</strong></span> <span class='ocrx_word' id='word_1_229' title='bbox 1331 4134 1384 4183; x_wconf 80' lang='lat' dir='ltr'><strong>adn</strong></span> 
     </span>
     <span class='ocr_line' id='line_1_33' title="bbox 351 4223 731 4282; baseline -0.003 -4"><span class='ocrx_word' id='word_1_230' title='bbox 351 4223 572 4281; x_wconf 68' lang='lat' dir='ltr'><strong>mathematicam</strong></span> <span class='ocrx_word' id='word_1_231' title='bbox 591 4240 731 4282; x_wconf 72' lang='lat' dir='ltr'><strong>arenam</strong></span> 
     </span>
    </p>
   </div>
   <div class='ocr_carea' id='block_1_8' title="bbox 0 0 1750 5242">
    <p class='ocr_par' dir='ltr' id='par_1_10' title="bbox 0 0 1750 5242">
     <span class='ocr_line' id='line_1_34' title="bbox 0 0 1750 5242; baseline 0 8"><span class='ocrx_word' id='word_1_232' title='bbox 0 0 1750 5242; x_wconf 95' lang='lat' dir='ltr'><strong> </strong></span> 
     </span>
    </p>
   </div>
  </div>
 </body>
</html>
