3492 5242
925 650 1001 728 tta

445 873 550 926 ponere
567 852 663 907 eadem
682 849 795 906 ratione
813 850 856 904 50.
874 856 1036 916 usurpatum
1055 854 1098 900 est
1122 826 1285 911 ibidemque
1302 845 1410 899 rarius,
1421 861 1489 900 con,

340 976 342 981 ·
447 950 535 1006 stilai.
570 947 747 1015 Quapropter
770 943 930 998 crebriores
952 938 1098 1006 corrigere
1121 950 1233 990 necesse
1257 953 1313 990 nou
1336 947 1405 992 eat..
1433 938 1489 992 1³0.

447 1059 513 1098 nere
531 1047 574 1096 est
596 1039 711 1094 verbum
734 1037 763 1092 in
781 1037 827 1090 his
849 1035 984 1100 solenne,
1021 1049 1046 1086 v.
1067 1034 1092 1089 t.
1112 1036 1139 1090 8.
1160 1036 1211 1090 ts:
1224 1035 1324 1106 lilii.
1342 1036 1386 1090 tu.
1405 1043 1432 1088 et
1452 1036 1487 1089 cl.

426 1121 602 1203 composita
624 1137 765 1203 apponere
784 1134 825 1185 11.
853 1131 1032 1205 interponere
1051 1128 1091 1181 10.
1115 1128 1157 1181 15.
1185 1142 1372 1196 superponere
1392 1128 1417 1181 d.
1443 1144 1491 1182 re·

385 1284 387 1287 ,
447 1242 550 1293 ponere
568 1226 612 1281 38.
648 1224 856 1283 circaaattam
873 1222 988 1277 tendere
1007 1219 1082 1274 inira
1093 1223 1142 1276 tl.

515 1319 758 1375 convertimus
776 1316 989 1385 pedaturam]
1013 1314 1041 1369 11.
1059 1333 1083 1369 e.
1103 1315 1270 1386 pedaturae,
1303 1327 1377 1380 quae
1394 1324 1439 1368 est
1455 1315 1492 1381 60

450 1430 500 1483 per
517 1416 586 1477 300,
609 1421 656 1466 aut
673 1413 708 1467 90
725 1415 778 1480 per
794 1410 860 1472 210,
890 1406 1021 1462 breviora
1038 1406 1127 1460 latera
1152 1408 1290 1476 parallelo
1308 1406 1383 1460 vallo
1406 1405 1500 1476 poui-·

449 1521 533 1574 mus,
553 1521 616 1560 cum
634 1513 716 1568 autea
733 1503 864 1571 longiora
882 1501 957 1555 vallo
976 1485 1112 1571 parallelo
1128 1500 1241 1556 luerint.
1271 1499 1373 1555 Multo
1394 1501 1492 1570 plures

449 1601 500 1654 bac
519 1594 628 1654 radone
644 1599 774 1653 cobortes
788 1597 824 1653 ad
844 1599 947 1653 vallam
966 1595 1084 1653 tendere
1101 1610 1186 1664 posse
1203 1603 1328 1663 apparet.

519 1691 617 1748 Quod
636 1691 746 1745 luerit
765 1688 899 1758 signis,
938 1690 1113 1755 tabulina,
1148 1689 1235 1757 quod
1260 1687 1368 1742 luerit
1394 1687 1491 1761 raba<

449 1785 541 1852 li'uo,
569 1785 640 1839 erit
657 1786 784 1854 siguis]
822 1786 947 1839 Duorum
968 1787 1154 1840 membrorum
1173 1782 1257 1836 iacile
1274 1782 1392 1837 alterum
1409 1780 1492 1836 exci-

449 1878 519 1940 dere
551 1887 660 1947 poterat
691 1888 808 1949 propter
836 1877 1053 1934 similitudinem
1081 1877 1256 1934 formationis
1282 1891 1387 1931 eorum.
1441 1873 1492 1930 Sic

448 1969 640 2036 iaomllrvraa
658 1973 702 2025 vel
720 1969 893 2043 inodoperov
911 1971 939 2025 iu
960 1985 1043 2024 causa
1062 1968 1130 2038 luit,
1158 1986 1207 2023 cur
1227 1969 1311 2022 verba
1329 1968 1493 2025 omitteren-

371 2062 385 2138 ζ
450 2075 510 2133 rur,
528 2065 558 2118 iu
576 2067 789 2134 pararant.
806 2065 1010 2120 19013000.
1041 2065 1135 2117 umbo
1153 2051 1244 2116 auten
1263 2063 1385 2117 membra
1397 2062 1492 2131 uygr.

449 2145 675 2226 uum‘scripsisse
686 2156 835 2227 probabile
846 2165 903 2221 est,
921 2159 1080 2226 accuratius
1092 2157 1166 2213 euim
1178 2157 1321 2228 explicare
1334 2158 1402 2234 uult,
1420 2155 1492 2224 quid

450 2250 487 2306 sit
504 2250 587 2311 illud,
605 2251 680 2317 quod
699 2250 826 2307 dixerat:
845 2253 1031 2307 convertimus
1045 2253 1221 2322 pedaturam.
1249 2251 1353 2307 Scbele
1370 2252 1493 2305 alterum

450 2346 603 2399 membrum
621 2345 765 2414 neglexit,
784 2345 946 2414 corrigebar
974 2349 1046 2418 qnod
1060 2350 1156 2415 fuerat
1170 2349 1275 2417 siparia,
1296 2344 1421 2402 tabulina
1442 2347 1493 2402 da·

451 2441 541 2496 amus
551 2447 587 2495 et.
613 2439 800 2509 Perspicuum
813 2451 858 2495 est
870 2450 972 2507 autem,
989 2441 1117 2518 terminis
1130 2443 1222 2513 riparia
1237 2451 1267 2495 et
1280 2442 1406 2495 tabulina
1417 2449 1493 2509 (aunt

402 2548 405 2554 ·
450 2534 541 2588 dativi
558 2533 668 2601 liuales)
681 2532 837 2600 significari
853 2533 910 2586 duo
928 2534 1015 2589 latera
1034 2535 1188 2605 pedaturae
1204 2543 1281 2588 recto
1294 2535 1398 2602 angulo
1414 2535 1445 2588 in
1464 2551 1494 2591 se

451 2627 569 2683 directa.
593 2625 761 2681 Quaerenda
772 2636 815 2682 est
827 2625 900 2680 ratio
914 2636 942 2681 et
956 2642 1040 2682 causa
1054 2631 1113 2697 ejus
1126 2615 1347 2696 significationis.
1375 2630 1419 2680 Ac
1433 2627 1493 2698 pri·

451 2736 523 2774 raum
540 2720 653 2789 quidem
669 2728 795 2790 apparet,
814 2735 868 2772 nou
888 2719 1045 2788 significari
1061 2721 1151 2776 altero
1168 2720 1280 2790 longius
1298 2721 1382 2786 lutus,
1400 2721 1494 2793 altere

453 2815 577 2871 brevius.
620 2815 690 2868 Nam
708 2830 769 2867 cura
788 2816 921 2870 cobortes
940 2813 1046 2883 primae
1064 2817 1111 2881 (3.)
1130 2816 1181 2870 tta
1200 2815 1286 2885 pedes
1302 2814 1405 2882 signis,
1440 2816 1495 2872 att

453 2909 579 2964 tabulino
596 2918 625 2962 et
636 2907 703 2961 'alte
729 2906 873 2961 miliarias
890 2909 959 2974 (31.)
979 2909 1029 2962 lae
1046 2907 1134 2976 pedes
1152 2908 1255 2976 signis,
1289 2910 1342 2964 000
1365 2907 1494 2963 tabulina

335 3030 338 3036 ,
452 3001 608 3072 accipiant,
639 3003 770 3057 cohortes
797 3000 975 3070 legionariae
1000 3011 1097 3055 contra
1116 3003 1182 3066 130.)
1199 3003 1252 3057 000
1278 2999 1366 3071 pedes
1391 3002 1494 3070 signia,

452 3099 488 3152 90
503 3095 630 3152 tabulino
648 3095 798 3166 accipiunt.
832 3095 933 3161 Neque
952 3092 1042 3162 magia
1064 3109 1098 3147 ea
1116 3094 1295 3149 terminorum
1314 3096 1429 3149 illorum
1447 3111 1495 3150 ra·

453 3189 494 3244 tio
512 3199 569 3257 eat,
594 3200 624 3243 ut
640 3190 714 3245 alter
731 3185 919 3256 longitudini,
942 3186 1015 3242 alter
1032 3186 1177 3242 latitudini
1196 3189 1429 3259 semistrigiorum
1449 3206 1496 3244 re·

406 3279 409 3285 ⁴
453 3281 602 3352 spondeat.
647 3283 717 3337 Nam
736 3282 767 3337 in
792 3280 927 3352 pedatura
941 3278 1106 3334 ¹cohortium
1130 3282 1348 3349 legionariorum
1373 3283 1494 3340 termino

289 3385 300 3406 ‘
389 3382 391 3385 ’
454 3379 548 3451 signia
565 3373 743 3444 signifieatur
759 3375 789 3430 id
807 3377 890 3438 latus,
908 3374 985 3444 quod
1004 3375 1178 3444 longitudini
1196 3376 1359 3456 semiatrigii
1377 3391 1495 3451 respong

455 3471 506 3526 det
523 3471 597 3540 (ipsa
618 3473 692 3526 enim
715 3485 891 3526 numerorum
914 3474 950 3527 00
969 3482 1001 3529 et
1017 3475 1068 3528 ato
1090 3473 1163 3528 ratio
1188 3460 1373 3537 demonstrat,
1409 3469 1495 3526 seud-

432 3564 434 3571 ’
454 3562 558 3632 strigia
576 3563 651 3618 vallo
667 3563 805 3633 parallelo
822 3568 1017 3633 percurrere),
1045 3575 1143 3620 contra
1160 3566 1189 3620 iu
1208 3566 1271 3620 alae
1287 3563 1426 3618 miliariae
1445 3581 1496 3634 ps-

428 3726 431 3736 ,
454 3657 555 3713 datura
580 3657 611 3711 id
636 3659 723 3722 latua,
759 3657 835 3724 quod
861 3659 1036 3727 longitudini
1060 3660 1292 3730 semistrigiorum
1315 3657 1496 3727 respondeat,

456 3753 610 3807 tabulinanr
628 3751 801 3818 nominatur,
833 3753 950 3810 alterum
968 3756 1050 3826 aiano
1070 3758 1145 3822 (01.1.
1185 3754 1246 3808 Nec
1264 3753 1395 3823 prolecto
1412 3751 1497 3807 deni·

457 3860 513 3912 que
535 3846 618 3910 alter,
636 3842 770 3900 terminas
789 3857 939 3916 usurpatur
965 3845 1075 3902 ratione
1099 3847 1194 3903 habita
1212 3844 1399 3914 longitudinis
1421 3853 1496 3903 toto·

457 3955 519 3995 rum
545 3949 713 4004 castrorum,
747 3939 820 3997 alter
846 3940 1016 3997 latitudinis.
1067 3942 1138 3996 Nam
1156 3941 1185 3995 iu
1206 3939 1342 4008 cobleg.
1361 3949 1389 3993 et
1406 3928 1436 3994 iu
1457 3939 1495 3994 al.

458 4032 518 4090 nil.
538 4030 621 4100 sigua
647 4033 784 4103 parallelo
809 4046 873 4093 sunt
898 4035 1076 4105 longioribus
1100 4046 1254 4092 castrorum
1280 4031 1430 4100 lateribus,
1451 4032 1497 4095 ¹in

425 4200 427 4207 Ι
458 4125 520 4179 colu.
537 4123 637 4194 primis
657 4125 844 4184 brevioribus.
893 4129 993 4196 ltaque
1010 4127 1114 4184 Scbele
1136 4127 1295 4182 rectissime
1312 4125 1423 4190 statuit,
1457 4123 1498 4182 ri·

458 4218 514 4288 gna
530 4219 668 4290 appellari
686 4218 716 4274 id
735 4219 808 4277 latus
825 4220 992 4291 pedaturae,
1019 4221 1049 4276 in
1067 4238 1124 4290 quo
1139 4224 1223 4292 sigua
1239 4222 1429 4291 collocentur,
1455 4231 1497 4279 ta·
