3492 5242
759 735 776 759 ,
831 659 910 738 us

354 861 483 922 metatio,
516 859 554 914 de
571 875 626 929 qna
644 875 715 914 noce
732 876 759 912 v.
778 860 824 915 nd.
844 863 885 915 13.
935 859 1064 929 Abrupta
1080 861 1150 914 haec
1167 875 1242 922 esse,
1276 861 1392 917 Scheiio

353 954 494 1021 concedo,
521 954 573 1008 nee
591 953 881 1023 taruenxiutercidisse
897 951 966 1020 quid
985 953 1137 1008 statuerim.
1179 954 1281 1020 Causa,
1298 970 1391 1021 ¹quern

354 1047 485 1118 Hyginus
501 1047 601 1102 iee‘tori
621 1048 732 1103 untione
749 1037 969 1100 concinnendum
990 1046 1125 1114 reliquit,
1145 1047 1215 1101 hnee
1232 1058 1289 1115 est,
1315 1049 1391 1116 quod

354 1140 446 1195 cestre
475 1142 613 1207 quadrata
643 1141 817 1209 aequilatera
843 1155 899 1192 nou
926 1155 1015 1207 aeque
1044 1139 1132 1195 inciie
1161 1150 1244 1216 reuto
1275 1141 1391 1210 purgari

354 1249 436 1302 posse
454 1229 572 1287 oen'suit.

422 1516 516 1572 Quae
534 1525 613 1571 sunt
631 1515 843 1582 necessaria]
881 1515 927 1570 Sc.
946 1516 981 1568 ad
1001 1515 1218 1585 explicandum
1238 1519 1275 1571 ci.
1295 1521 1391 1589 paullo
1442 1572 1445 1579 .

353 1610 435 1665 inire.
471 1611 540 1665 Alio
557 1627 640 1665 sensu
661 1627 717 1664 vox
736 1622 890 1680 usurpatur
907 1610 1040 1667 inira-¹56.
1106 1640 1109 1647 ·
1241 1687 1244 1691 Ι

422 1704 518 1758 Satis
535 1714 619 1775 puto
637 1706 832 1774 diligenter
849 1707 1042 1776 retulimus]
1070 1706 1210 1762 Similiter
1228 1711 1302 1776 Agg.
1318 1705 1389 1763 Urb.

352 1814 380 1866 p.
399 1800 441 1853 63.
477 1800 556 1853 Sulis
572 1806 602 1851 ut
622 1805 691 1866 puto
708 1801 830 1855 dilucide
846 1819 950 1872 yeneno
967 1803 1221 1856 controuersiarum
1239 1803 1311 1855 uelut
1328 1803 1391 1872 pri-

350 1908 427 1944 mum
443 1892 510 1961 nysi
527 1892 688 1962 qualitatem
703 1895 841 1961 'esposui..
876 1896 915 1950 Ut
933 1897 1009 1967 Hyg.
1034 1897 1060 1950 h.
1079 1897 1098 1950 l.
1116 1895 1319 1967 putoiuserit‚
1350 1895 1391 1951 itu

351 2002 435 2054 spero
454 1988 497 2040 47.
528 1985 572 2039 Cf.
590 1986 672 2040 etium
690 1989 733 2042 ⁴5.
1311 2046 1317 2080 x
1362 2017 1366 2035 .

421 2080 604 2147 Rationes]
629 2072 764 2137 Rationes
782 2083 906 2138 nominat
924 2099 973 2152 en,
991 2101 1063 2152 quoe
1081 2085 1117 2139 de
1134 2084 1308 2152 singularum
1325 2100 1390 2155 par-

352 2175 419 2229 tiunt
439 2174 602 2227 conditione
623 2189 657 2226 se
674 2191 789 2230 numero
809 2177 882 2233 dicit
899 2180 948 2240 (ci.
969 2179 1010 2232 14.
1029 2181 1070 2232 25.
1089 2182 1131 2234 27.
1151 2181 1192 2234 34.
1211 2180 1275 2241 ts).
1314 2249 1316 2253 Α

383 2308 385 2312 -
422 2268 543 2321 ndnuc
561 2267 695 2322 inerint
714 2272 950 2340 necessariae]
986 2274 1116 2326 Nondum
1142 2272 1278 2341 exposuit
1295 2273 1389 2330 ‚ratio-

350 2377 401 2414 nes
419 2361 576 2414 cohortium
594 2361 766 2427 equestria·
785 2373 813 2416 et
832 2363 1012 2431 pedestrium.
1032 2365 1075 2419 cf.
1093 2380 1178 2434 supra
1197 2368 1291 2433 plui).
1327 2366 1390 2419 Ad-

350 2444 472 2527 nuc'pro
489 2457 661 2522 etiamnunc,
684 2466 714 2510 ut
733 2474 785 2526 pro
804 2461 890 2513 etium
908 2459 983 2512 inira
998 2461 1043 2513 41.

352 2559 356 2569 “
418 2553 460 2605 Et
484 2551 553 2604 soli
581 2551 790 2606 electionem
817 2553 854 2605 in
888 2550 1072 2607 statuenda
1097 2549 1297 2617 metatione]
1321 2549 1389 2603 -Hic

351 2649 431 2701 tocus
448 2654 477 2699 et
494 2644 533 2710 is,
552 2644 601 2711 qui
620 2645 727 2711 iegitur
744 2645 819 2698 inira
835 2648 892 2705 66..
911 2645 983 2697 alter
999 2645 1036 2697 ab
1054 2645 1145 2698 altero
1164 2645 1253 2698 lucem
1271 2643 1390 2705 medici·

349 2755 470 2804 numque
487 2736 638 2805 accipiunt.
676 2738 720 2791 De
738 2753 769 2790 re
787 2754 812 2789 r.
833 2738 868 2791 nd
889 2740 934 2794 56.
981 2783 986 2789 .

418 2831 639 2898 iniquitates
658 2832 827 2900 locorum]
864 2834 935 2888 Loci
951 2835 1086 2904 iniquitas
1112 2843 1141 2888 et
1159 2833 1319 2910 oppositum
1338 2844 1417 2902 op·'
1481 2889 1483 2897 ,

348 2928 508 2999 portunitae
526 2935 591 2979 sunt
608 2923 767 2980 locutiones
784 2928 909 2980 sermoni
927 2927 1044 2987 ¹militari
1062 2926 1191 2982 usitatae.
1226 2927 1284 2980 Per
1301 2923 1328 2979 iu
1344 2925 1388 2980 διὰ

349 3025 434 3088 δυοῖν,
457 3017 533 3087 quod
554 3016 855 3082 vocent,'dictum,est
873 3020 956 3075 etium
973 3023 1261 3086 uouitns‘metott'onis
1274 3025 1320 3077 47.

418 3115 467 3170 Ne
485 3113 702 3183 praeterisse
719 3115 853 3182 videar]
878 3118 921 3174 01.
941 3119 1015 3187 ριοΙ.
1034 3120 1077 3180 59,
1091 3120 1149 3173 197.
1167 3121 1210 3180 57,
1225 3123 1266 3175 97.
1293 3120 1387 3190 Spart.

350 3211 431 3265 Pese.
450 3211 477 3262 9.
502 3197 589 3261 Tren.
609 3206 709 3261 Claud.
728 3211 770 3264 13.
795 3209 893 3268 From.
913 3212 968 3275 riq·
989 3213 1014 3266 3.
1053 3211 1255 3267 Praeterennds'
1272 3214 1388 3279 verbum

350 3303 448 3357 eodeni
465 3316 546 3355 seusu
567 3310 684 3369 usurpet
702 3301 779 3370 Hyg.
799 3300 835 3353 de
853 3299 929 3356 Lim.
946 3301 1043 3358 Const.
1063 3321 1091 3373 p.
1112 3304 1169 3358 159.

723 3527 730 3543 ἱ
836 3469 903 3520 aa.

418 3587 706 3660 Inceptetionem'
718 3586 934 3654 metationis]
958 3585 1119 3654 Postquam
1137 3588 1285 3654 generales
1303 3604 1390 3658 regu.

350 3686 393 3739 lus
412 3685 573 3754 proposuit,
589 3687 645 3751 jam
663 3683 904 3737 demonstraturus
922 3691 977 3742 est,
997 3681 1138 3748 quomodo
1156 3683 1315 3753 inceptetnr
1331 3702 1390 3740 me-

350 3778 433 3843 tatio,
451 3778 480 3830 h.
495 3794 521 3831 e.
535 3777 605 3843 qnid
620 3761 676 3844 quo
691 3777 792 3830 ordine
811 3777 906 3829 iacere
921 3773 1021 3843 debent
1037 3774 1066 3828 iu
1084 3775 1228 3847 pedaturis
1241 3777 1389 3848 ossignan-

349 3875 396 3928 dis
414 3871 540 3927 metator.
558 3872 602 3926 cf.
618 3863 707 3940 supra
717 3888 744 3941 p.
754 3873 796 3926 99.
812 3873 869 3924 199.
901 3870 990 3930 Haec,
1009 3885 1084 3936 quae
1098 3886 1171 3924 nuuc
1187 3884 1389 3945 praecepturus

350 3984 402 4036 est,
421 3969 497 4023 inira
512 3969 555 4023 ts.
571 3967 716 4037 prinoipia
733 3967 764 4019 in
781 3965 857 4019 omni
873 3963 1059 4032 deceptatione
1076 3968 1239 4023 metationis
1253 3969 1387 4039 appellnt,

351 4075 382 4119 ut
400 4063 437 4116 de
456 4061 573 4116 veritate
598 4059 764 4114 substantivi
787 4059 939 4127 iuo'eptatio
963 4055 1089 4112 dubitari
1115 4072 1242 4128 nequeat.
1283 4062 1388 4118 Scheie

351 4157 454 4211 voluit:
482 4158 626 4225 inceptum·
637 4155 785 4208 rationem.

419 4251 585 4306 Nuneros
605 4248 822 4318 compositae
839 4246 979 4316 formae]
1013 4249 1152 4304 Numeros
1173 4248 1248 4304 dixit
1266 4264 1319 4319 pro
1337 4266 1386 4304 co-
