3492 5242
867 708 922 784 22

376 921 511 989 rentino'
530 928 695 1009 praeterea
718 940 791 982 cum
808 913 969 979 Vaticano
990 911 1085 980 3895.
1109 924 1141 978 et
1161 910 1298 980 sortasse
1320 916 1420 982 etiarn

378 1054 453 1096 cum
473 1027 656 1094 Mutinensi
679 1026 797 1092 collato
819 1022 1001 1111 descriptus
1022 1034 1073 1089 est
1098 1027 1197 1092 codex
1218 1026 1418 1095 Borbera’nas

350 1144 356 1158 '
377 1144 461 1208 1676
475 1141 528 1222 ⁶²).
583 1135 712 1220 Quodsi
735 1133 919 1223 compilatio
941 1136 983 1213 63)
1004 1135 1206 1200 recensionis
1227 1134 1417 1224 Nypsianae

375 1248 464 1313 lnaud
492 1248 537 1313 ita
558 1249 660 1313 multo
682 1255 756 1310 ante
777 1243 886 1334 ipsum
908 1243 1055 1311 codicem
1079 1244 1306 1311 Florentinum
1331 1246 1418 1312 facta

376 1367 428 1422 est
448 1359 510 1441 ⁶⁴),
533 1365 686 1446 apparet,
713 1355 791 1421 hinc
812 1379 873 1420 nos
895 1355 1095 1422 accuratiora
1116 1355 1156 1420 de
1177 1353 1249 1445 ipsa
1271 1354 1417 1421 familiae

377 1465 491 1530 tertiae
524 1464 653 1553 origine
684 1464 810 1530 discere
840 1489 907 1530 non
940 1488 1047 1553 posse.
1100 1465 1141 1530 ln
1169 1463 1417 1553 compilationes

376 1573 452 1640 illas
484 1572 570 1638 liber
604 1572 644 1638 de
684 1571 922 1638 munitionibus
952 1582 1132 1639 castrorum
1160 1572 1312 1662 receptus
1349 1596 1418 1638 uon

377 1693 428 1748 est
448 1685 502 1763 65).

460 1790 507 1858 Ut
525 1790 628 1879 igitur
647 1791 788 1860 familiae
809 1775 923 1861 tertiae
944 1795 1106 1884 originem
1126 1792 1342 1879 indagemus,
1377 1791 1420 1857 ad

378 1899 508 1966 codices
530 1899 714 1990 deperditos
747 1903 842 1968 etad
868 1905 1055 1993 apographa
1087 1901 1311 1968 recentissima
1339 1924 1417 1966 con·

377 2010 570 2097 fugiendum
591 2009 687 2074 nobis
704 2009 765 2075 est.
803 2009 935 2099 Origini
951 2011 1121 2100 proximus
1140 2019 1208 2074 erat
1229 2009 1300 2077 sine
1315 2009 1416 2075 dubio

317 2142 319 2146 “
378 2122 479 2187 codex
496 2123 629 2205 Alcaco,
652 2143 750 2208 quem
772 2144 856 2185 anno
880 2119 971 2186 1519.
994 2118 1172 2209 accipimus
1189 2120 1243 2185 vix
1265 2119 1417 2209 potuisse

377 2228 447 2317 legi
467 2228 523 2316 66).
575 2228 673 2292 llunc
704 2227 870 2312 codicem,
902 2229 961 2320 qui
988 2248 1053 2318 quo
1083 2228 1268 2318 pervenerit
1309 2229 1421 2295 nesei-

377 2320 471 2422 mus,
495 2338 551 2404 ad
579 2336 780 2426 Nypsianam
808 2337 964 2402 familiam
993 2339 1156 2428 pertinere
1190 2338 1266 2403 inde
1293 2339 1413 2424 elucet,
1443 2374 1448 2385 ν

378 2447 467 2536 quod
496 2446 634 2536 epistola
665 2446 705 2510 ad
737 2444 870 2511 Celsum
900 2445 936 2510 in
963 2456 1025 2528 e'o,
1066 2458 1101 2512 ut
1137 2448 1172 2511 in
1205 2447 1411 2532 Florentino,

341 2612 343 2616 .
377 2555 506 2643 Nypso,
528 2577 594 2618 non
610 2551 767 2618 Frontino
781 2561 837 2617 aut
852 2552 970 2635 Balbo,
989 2553 1151 2643 adscripta
1172 2566 1252 2639 erat,
1275 2566 1307 2620 ct
1324 2557 1415 2646 quod

377 2662 515 2750 Agenni
528 2662 643 2729 Urbici
665 2684 739 2750 pars
754 2661 783 2726 Ι.
806 2660 841 2725 in
866 2684 905 2725 eo
926 2684 986 2749 pro
1008 2663 1237 2729 commentario
1257 2663 1337 2729 libri
1358 2689 1413 2731 cu·

375 2772 508 2860 jusdam
527 2771 621 2838 Juuii
642 2769 751 2858 Nypsi
766 2769 996 2836 venditabatur
1015 2774 1067 2851 ⁶⁷).

463 2881 618 2946 Exstabat
649 2865 813 2967 praeterea
844 2878 945 2944 'codex
967 2878 1099 2945 Galerii.
1114 2884 1246 2946 Messoa
1267 2882 1328 2957 68),
1360 2880 1415 2946 cni

380 2990 579 3078 singularem
600 2987 760 3078 quandam
789 2987 1062 3054 uecessitudinem
1085 2996 1171 3055 cuin*
1186 2980 1296 3056 codice
1319 2992 1414 3059 Basi-

446 3293 492 3357 62)
529 3291 565 3347 V.
584 3291 684 3345 Blume
702 3307 728 3359 p.
748 3292 869 3358 lim).

446 3387 492 3452 aa>
528 3384 670 3450 urebant,
688 3385 767 3438 ram.
789 3384 904 3452 coca,
923 3387 956 3451 a,
974 3367 1035 3441 soa.
1053 3382 1123 3459 euro
1141 3384 1164 3441 1.

446 3479 492 3542 64)
529 3476 565 3533 V.
583 3478 683 3532 Blame
701 3495 728 3548 p.
748 3479 809 3533 219.
994 3473 997 3482 '

446 3576 492 3639 66)
527 3573 570 3626 Cf.
589 3574 690 3627 Blame
708 3590 736 3643 p.
755 3576 819 3636 222,
838 3577 877 3641 Ι).
896 3576 956 3631 22³.

445 3669 498 3732 66)·
526 3665 687 3736 Dispuncu.
711 3667 774 3735 111,
796 3671 838 3724 15.
851 3669 950 3738 ¹(Opp.
971 3669 1004 3725 T.
1024 3670 1090 3738 lV.)
1110 3671 1139 3723 io
1157 3671 1243 3745 liner,
1260 3671 1414 3739 (Aoenaa'ua

383 3761 513 3826 Urbicus)
537 3779 590 3815 aaa
614 3779 676 3816 cum
694 3763 779 3817 Juaio
797 3765 903 3833 Nipao,
927 3765 1005 3819 Mor.
1029 3767 1159 3822 Varrone
1183 3767 1216 3820 de
1235 3766 1414 3821 arithmetica

380 3863 406 3909 et
421 3857 509 3910 Bulbo
523 3857 557 3909 de
569 3857 688 3911 coloniis
700 3859 810 3914 Latinio
828 3860 908 3914 breui
925 3861 955 3915 in
973 3861 1112 3928 publicum
1129 3861 1269 3930 prodidit.-
1288 3861 1315 3914 sr'
1334 3863 1414 3916 modo

378 3966 430 4018 per
448 3951 533 4003 otium
553 3950 623 4004 milri
640 3951 752 4005 licuerit
769 3969 817 4006 eoa
836 3955 996 4008 emendare.-
1023 3956 1096 4010 liber
1119 3955 1192 4011 enim
1210 3955 1270 4024 ipae
1288 3961 1346 4009 tom
1366 3957 1415 4010 ab·

380 4041 455 4095 roris
474 4041 680 4097 characteribus
699 4049 756 4110 eat,
774 4050 802 4097 ut
819 4044 869 4098 uix
888 4045 945 4115 leor'
959 4047 1059 4116 possit.
1316 4037 1319 4045 ¹

447 4138 493 4203 67)
529 4137 565 4191 V.
583 4137 683 4189 Blume
701 4152 728 4205 p.
747 4137 808 4192 216.
826 4139 886 4191 217.

447 4232 494 4296 68)
529 4231 660 4285 Galesius
684 4230 775 4284 Massa
794 4228 867 4284 vixit
889 4232 1002 4286 saeculo
1020 4232 1103 4291 XVl.
1132 4233 1242 4301 medio,
1269 4251 1293 4288 v.
1314 4234 1415 4290 Blume

381 4339 407 4391 p.
428 4326 494 4392 223,
514 4334 569 4379 not.
584 4327 638 4389 93).
667 4332 672 4345 “
