3492 5242
836 650 892 726 at

352 853 545 940 Con-uptam
566 853 653 917 enim
675 876 747 918 esee
780 852 1008 917 allocutionem
1029 854 1165 917 Domine
1185 854 1294 935 frater
1315 851 1386 942 ipsa

350 984 402 1027 ras
433 960 583 1027 ostendit.
629 959 715 1044 Quis
742 960 830 1026 enim
855 961 985 1025 tratre·
1010 959 1385 1049 Imperatorum'lloma-

296 1070 299 1076 '
349 1092 465 1136 norum
493 1062 639 1160 ternpore
667 1067 845 1134 Dominum
873 1067 1069 1157 appellaret,
1108 1070 1174 1134 nisi
1203 1074 1257 1135 aut
1287 1073 1387 1137 irater

350 1180 551 1269 Imperator,
573 1191 629 1244 ant
649 1181 722 1270 ipse
743 1179 853 1244 fratris
876 1201 989 1244 servus
1011 1189 1120 1262 esset,
1143 1201 1283 1268 quorum
1305 1202 1388 1246 neu·

350 1301 436 1357 mutu
474 1290 510 1354 in
550 1300 714 1356 auctorem
754 1304 901 1357 nostrum
942 1290 1056 1356 cadere
1107 1287 1275 1377 probabile
1325 1299 1385 1354 est.

350 1396 486 1462 Domini
518 1407 624 1464 autem
655 1397 846 1487 appellatio,
868 1401 973 1486 {quam
1002 1397 1055 1463 vel
1075 1395 1230 1461 Tiberius
1257 1418 1387 1462 recusa·

350 1507 472 1594 ciffi),
495 1530 568 1571 eum
590 1506 689 1598 paulo
708 1512 785 1572 ante
805 1506 1030 1573 Domitianum
1051 1505 1216 1596 frequenti
1238 1527 1305 1570 usu
1326 1514 1388 1570 ata·

350 1617 443 1684 bilita
471 1638 544 1681 esse
569 1614 717 1681 videatur
730 1620 801 1697 ⁷⁶),
834 1615 1042 1704 lmperatoris
1070 1613 1254 1701 cujusdam
1268 1619 1389 1678 nome·

236 1727 238 1730 ’
352 1724 386 1789 in
417 1747 454 1788 ea
482 1723 666 1812 corruptela
694 1723 794 1789 latere
826 1735 926 1812 puto,
962 1725 1152 1814 praesertim
1180 1746 1254 1789 curn
1276 1735 1390 1790 auctor

351 1832 510 1897 fautorem
552 1853 647 1895 suum
682 1841 851 1918 praeterea
882 1834 1130 1915 Magaitadmic
1167 1830 1388 1922 appellatione

352 1948 445 2006 amet
468 1937 527 2024 77).
574 1937 715 2026 Scripsit
746 1949 852 2003 antem
877 1936 950 2001 siue
981 1937 1081 2007 (labio
1109 1954 1223 2006 auctor
1250 1943 1390 2007 Domine

354 2052 494 2131 Ilojoae
507 2049 568 2127 78).
612 2045 668 2110 Ad
695 2043 873 2130 Trajannm
904 2044 991 2109 enim
1019 2046 1140 2113 librum
1162 2048 1273 2114 alatum
1299 2072 1388 2133 esso,

352 2179 419 2222 non
440 2156 480 2221 at
502 2155 744 2239 Domitianum,
777 2155 872 2241 cujus
895 2165 928 2219 et
949 2155 1055 2245 ipsius
1076 2180 1195 2223 nomen
1217 2157 1391 2224 audaciore

353 2266 539 2352 conjtrctura
568 2266 603 2331 in
625 2273 748 2331 textum
776 2262 893 2328 inferri
914 2263 1019 2352 possit
1036 2264 1095 2353 ⁷⁹),
1125 2290 1163 2332 co
1185 2266 1392 2356 probabilius

353 2386 420 2459 est,
453 2376 541 2465 quod
561 2375 725 2461 Trajanus
752 2397 818 2439 non
849 2373 955 2438 solum
981 2375 1078 2442 bellis
1101 2376 1238 2464 gloriam
1271 2377 1390 2444 milita·

251 2509 254 2515 ’
352 2508 419 2548 rem
442 2484 634 2573 appetebat,
661 2483 719 2548 sed
740 2483 837 2547 etiam
858 2485 1108 2551 constitutiones
1130 2476 1390 2554 militaresemi·

353 2580 397 2656 sii
411 2596 473 2674 ⁸⁰),
504 2603 536 2658 et
567 2617 644 2659 vero
673 2592 904 2659 etiam‘eornm
932 2596 1129 2668 iudustriam
1148 2595 1390 2684 comprobabat,

420 2845 480 2910 75).
502 2842 559 2897 Dio
578 2845 626 2904 57,
644 2846 669 2897 8.

398 2938 465 2996 ’76)
502 2934 558 2988 Dio
574 2938 625 3002 67,
646 2940 686 2992 13.
774 2965 776 2968 ·

420 3031 465 3092 77)
503 3030 577 3100 llyg.
596 3033 639 3085 47.
662 3039 708 3096 at,
739 3034 766 3085 ai
792 3033 922 3102 elipantus
945 3036 1035 3100 saeris
1055 3037 1212 3104 injnapere,
1239 3037 1392 3093 novitatem

352 3122 512 3180 metationis
530 3125 568 3178 ad
584 3127 801 3194 ompmtudioem
821 3135 898 3182 taam
915 3131 1024 3197 primae
1044 3131 1178 3196 adferam.

420 3219 464 3282 78)
500 3217 624 3272 Eandem
647 3223 846 3290 appellationis
872 3225 988 3279 sormam
1012 3226 1098 3279 babes
1121 3224 1195 3293 apud
1215 3224 1332 3295 Vopisc.
1360 3227 1390 3282 in

352 3313 508 3368 Aureliano
527 3332 551 3371 c.
571 3318 611 3370 ll.
646 3321 821 3375 Aurelianae
839 3323 926 3376 dixit.-
951 3323 987 3375 lit
1005 3338 1073 3390 epo,
1096 3322 1205 3374 domine
1225 3321 1390 3388 Valeriane,

252 3422 255 3429 ·
351 3407 512 3476 Imperator
532 3413 673 3480 sapuere,
693 3416 756 3469 ideo
775 3425 873 3471 cuncta
892 3418 956 3482 teci.

378 3564 381 3569 ¹
420 3504 463 3568 79)
498 3503 615 3560 Scilicet
632 3507 656 3560 si
676 3510 826 3578 scripseris
844 3512 1007 3565 Domitiana
1027 3513 1200 3578 Imperator,
1227 3509 1272 3563 cui
1295 3518 1389 3565 tamen

352 3596 527 3660 conjecturae
555 3599 598 3651 vel
627 3599 657 3653 id
684 3601 791 3670 obstat,
827 3603 903 3671 quod
932 3604 1092 3670 Imperator
1120 3601 1305 3671 postpositum
1334 3615 1388 3669 est,

351 3704 510 3757 quanquam
528 3692 555 3744 io
575 3694 745 3750 nomitatim
765 3709 840 3750 certe
859 3697 974 3751 eandem
994 3695 1206 3749 collocationem
1226 3696 1310 3751 habet
1326 3697 1390 3769 lly-

350 3781 433 3848 ginus
460 3782 534 3851 apud
562 3785 700 3842 Blaminm
727 3792 758 3849 7,
786 3791 843 3844 tto.
882 3786 978 3842 Possit
1000 3787 1082 3842 etia·
1111 3788 1218 3855 aliquis
1244 3788 1389 3857 conjicere

349 3880 469 3934 Domine
496 3883 678 3950 Imperator,
699 3897 769 3949 quae
795 3882 952 3951 appellatio
981 3898 1015 3935 eo
1040 3893 1166 3952 tempore
1187 3883 1255 3937 satis
1284 3883 1390 3940 usitata

350 3984 411 4028 erat
430 3977 467 4039 (v.
488 3975 600 4030 Dositla.
619 3975 694 4042 Mag.
714 3976 859 4045 iuterpret.
881 3977 930 4030 tib,
953 3980 1066 4046 tertius,
1085 3981 1210 4048 prate.
1231 3979 1385 4049 Bilclting).

351 4069 478 4122 Attamen
504 4070 549 4122 vel
577 4069 646 4122 ltaec
669 4074 830 4139 conjectura
857 4085 973 4143 propter
987 4074 1139 4129 literarum
1159 4074 1258 4128 doctus
1276 4073 1386 4132 diffici-

351 4160 407 4213 lior
427 4171 475 4214 est,

416 4256 460 4320 8⁰)
498 4255 569 4322 Veg.
589 4258 619 4319 l,
639 4257 664 4310 Θ.
