3492 5242
736 656 1008 748 ,Ἰθ31

422 861 533 931 Supra
548 858 768 928 scripturum]
786 857 885 914 citt.
900 860 941 913 19.
970 857 1052 911 Tulin
1071 855 1240 927 participis,
1261 868 1319 926 pro
1336 853 1398 932 qni·

355 954 407 1008 bus
424 955 490 1009 boui
514 952 669 1024 scriptores
692 950 838 1006 enunciata
859 951 978 1006 relntiru
1002 940 1150 1021 usurpant,
1183 948 1304 1019 saepius
1324 949 1397 1020 opud

353 1048 508 1116 scriptores
525 1045 661 1103 historiae
672 1049 817 1114 Augustae
834 1044 1022 1105 inveniuntur.
1037 1040 1041 1044 ’
1056 1047 1150 1114 Supra
1167 1043 1299 1113 scriptun
1316 1043 1398 1098 hebd

356 1140 430 1212 Vop.
447 1139 546 1194 Aurei.
564 1143 607 1206 6.,
632 1141 711 1207 intro
727 1140 850 1208 scriptu
868 1138 944 1208 vop.
963 1138 1036 1193 Bon.
1055 1140 1095 1192 16
1129 1134 1233 1206 ‘Spart
1254 1134 1326 1192 Ser.
1346 1138 1396 1205 12,

353 1235 557 1304 supradictus
582 1233 697 1305 Lunrpr.
715 1232 821 1287 comm
840 1235 866 1289 6.
911 1232 977 1289 Ser.
1000 1235 1046 1289 ΑΙ.
1062 1235 1108 1290 66.
1156 1233 1229 1304 ch.
1250 1234 1395 1291 Aurei-9·

353 1330 396 1383 36.
432 1329 524 1399 Supra
542 1329 634 1382 dictur
652 1327 761 1382 enotavi
781 1328 866 1384 etium
889 1346 926 1383 ex
945 1329 1044 1384 Siculo
1062 1328 1168 1382 Flacco
1188 1329 1253 1397 ρ.3.
1274 1327 1394 1394 Gocs‘).

354 1422 447 1491 Supra
466 1424 590 1492 scriptur
608 1431 638 1477 et
658 1422 737 1491 infru
760 1424 884 1494 scriptur
902 1422 1016 1493 saepius
1040 1422 1068 1475 in
1088 1421 1197 1477 Notitic
1216 1421 1395 1492 Dignituturs

353 1514 543 1571 inueniuntur.

393 1599 659 1678 sustentemus]
701 1610 743 1664 ltu
766 1607 948 1680 scripsimus,
984 1608 1050 1677 quia
1076 1624 1209 1681 pruesens
1234 1608 1265 1662 in
1292 1608 1395 1664 uulnus

353 1712 452 1756 contra
469 1716 548 1757 usum
572 1690 720 1772 scribturis
743 1712 795 1756 est.
849 1701 947 1756 Utitur
970 1712 1017 1756 cut
1040 1702 1134 1756 futuro
1153 1705 1214 1766 (14.
1227 1703 1273 1757 33.
1292 1703 1392 1758 3333

352 1802 409 1864 37.)
422 1809 475 1853 sut
497 1800 655 1868 proesentis
671 1797 852 1865 conjunctivo
870 1799 924 1860 (33.
943 1799 985 1852 31.
1004 1797 1046 1851 34.
1064 1797 1107 1849 36.
1126 1798 1168 1852 33
1185 1798 1252 1860 ts).
1311 1797 1395 1852 lluto-

353 1907 413 1945 rum
436 1891 638 1946 restituendum
661 1901 706 1945 est
727 1890 811 1943 etium
835 1891 883 1943 3²:
910 1890 1093 1956 explebimus,
1120 1904 1177 1956 quo
1194 1888 1292 1945 tendit
1311 1889 1395 1946 lectio

353 1985 416 2040 cod.
436 1988 461 2039 A
479 1985 624 2052 exsilimus.
669 1982 836 2045 Ostendens,
861 1994 1047 2052 synonymum
1065 1983 1147 2035 'verbi
1167 1985 1328 2052 emerendi
1343 1986 1394 2050 (li-

352 2078 396 2131 33.
415 2078 486 2143 tu),
510 2086 624 2146 usurpat
641 2077 723 2129 etisnr
743 2076 776 2129 tu
801 2076 843 2128 33.
860 2074 905 2129 dl.
924 2076 969 2129 46.
987 2078 1030 2130 46.
1065 2076 1160 2131 Aliter
1179 2079 1203 2130 3.
1224 2079 1267 2132 47.

420 2170 567 2241 Papilio
594 2185 679 2226 unus
707 2182 862 2240 occupat
882 2170 990 2241 pedes
1009 2173 1049 2239 X]
1087 2171 1119 2224 ln
1149 2171 1334 2239 longitudine
1356 2189 1394 2239 sc.

351 2265 530 2335 semistrigii3
549 2267 710 2323 tantundem
726 2268 755 2321 in
773 2266 924 2323 latitudine
935 2280 1063 2336 occupat.
1096 2268 1239 2337 Occupnrc
1250 2269 1337 2337 pedes
1354 2267 1394 2322 is·

353 2359 465 2415 venitur
483 2361 568 2418 etism
585 2365 612 2418 3.
630 2364 672 2419 33.
690 2366 734 2419 36.
781 2366 840 2418 Pro
857 2366 965 2435 pupilio
983 2379 1052 2418 unus
1070 2362 1166 2415 dicere
1185 2371 1314 2430 potetate
1346 2378 1394 2434 ps·

305 2455 307 2458 ’
349 2452 472 2522 pilionec
490 2456 610 2524 sin9u1i5
645 2457 695 2509 sed
715 2455 804 2511 utitur
821 2457 954 2526 Hyginus
973 2472 1028 2509 non
1048 2454 1238 2508 numeralibus
1255 2455 1393 2511 distribu-

349 2543 445 2611 liris,
465 2548 514 2600 sed
540 2547 696 2615 singulari,
730 2548 844 2617 adjecto
868 2566 937 2603 unus
962 2551 1005 2612 (ut
1026 2547 1053 2602 h.
1073 2548 1092 2603 l.
1112 2558 1140 2603 et
1158 2552 1183 2603 3.
1203 2549 1245 2603 st.
1267 2550 1325 2617 43.)
1346 2559 1393 2604 sut

351 2641 453 2694 onrisso
471 2644 508 2707 (3.
525 2645 566 2698 36.
586 2645 628 2697 37.
642 2626 748 2699 uu'ut.
766 2646 835 2712 36),
862 2642 911 2696 ubi
931 2642 959 2698 id
978 2642 1088 2710 agitur,
1112 2651 1156 2708 ut,
1185 2639 1295 2697 cutione
1314 2643 1393 2699 unios

353 2735 478 2806 exempli
496 2735 636 2805 exposita,
654 2735 691 2790 de
709 2737 811 2791 ceteris
827 2736 953 2806 ejusdem
973 2737 1015 2790 rei
1033 2737 1172 2807 exemplis
1188 2734 1272 2803 ratio,
1289 2738 1395 2808 quippi

353 2843 426 2893 quse
443 2829 540 2883 eudem
560 2830 615 2890 sit,
644 2829 726 2882 simul
747 2837 862 2883 constet.

421 2925 671 2978 lucrementum
691 2923 867 2992 tensurus]
907 2924 967 2978 lloc
985 2924 1104 2978 dunduru
1123 2936 1199 2990 erut,
1224 2935 1257 2981 ut
1275 2926 1394 2998 pupilio·

347 3004 403 3070 'nes
420 3015 518 3083 sliquo
533 3016 609 3071 inter
626 3033 658 3070 se
675 3015 768 3085 spatio
785 3016 910 3084 separati
927 3028 1028 3072 essens
1074 3020 1200 3074 Tentura
1219 3019 1246 3076 h.
1265 3020 1285 3074 l.
1304 3032 1337 3077 et
1352 3025 1394 3078 43.

354 3121 515 3180 usurpatum
533 3121 575 3164 est
592 3108 629 3164 de
645 3109 820 3178 singulorum
837 3110 1014 3182 pupilio'nunr
1033 3113 1176 3179 tensione,
1195 3124 1294 3168 contrs
1309 3119 1337 3171 3.
1354 3117 1395 3172 tt.

353 3204 391 3258 de
410 3203 478 3259 totis
494 3204 675 3274 semistrigiis
693 3221 731 3259 ex
748 3218 825 3259 certa
843 3204 963 3273 quadum
980 3207 1097 3274 regione
1114 3207 1285 3275 dirigendis.

419 3297 529 3366 Tegit
548 3298 704 3352 homines
723 3299 806 3367 Vlll]
843 3300 951 3353 Horum
976 3299 1066 3366 igitur
1088 3300 1195 3370 singuli
1218 3304 1396 3372 occupabunt

351 3389 453 3458 quinos
472 3391 559 3462 pedes
576 3391 763 3464 longitudinis
780 3403 808 3445 et
826 3391 908 3446 binos
925 3391 1011 3459 pedes
1028 3393 1203 3450 etsemisses
1221 3395 1395 3454 istitudinis.

352 3487 412 3540 Pro
431 3486 513 3542 lectis
538 3487 679 3543 militibus
701 3497 780 3542 crunt
804 3499 954 3543 strumenta
972 3499 1056 3556 utque
1078 3489 1196 3558 herbae,
1213 3471 1214 3474 Ἰ
1230 3499 1302 3547 teste
1321 3492 1397 3549 Vtr-

351 3597 421 3635 rouc
438 3581 475 3636 de
492 3581 575 3651 Ling.
595 3583 658 3638 Lot
678 3585 709 3650 5,
730 3587 788 3641 166.
802 3587 855 3651 **)ε
894 3587 1022 3653 Lectica,
1055 3586 1127 3654 quod
1150 3586 1294 3655 teyelont,
1324 3590 1395 3643 unde

324 3689 413 3730 “eum
430 3678 569 3743 tacerent,
587 3685 741 3733 strumenta
761 3686 841 3748 utque
860 3679 986 3747 iserdum,
1010 3686 1040 3734 ut
1057 3680 1229 3734 etiamnunc
1247 3683 1278 3750 tlt
1298 3682 1328 3737 iu
1346 3700 1395 3738 cs·

350 3770 430 3823 stris.
452 3801 482 3811 -
527 3771 582 3828 Qui
598 3771 728 3826 lecticam
746 3773 935 3841 involvebant,
963 3773 1036 3842 quod
1059 3774 1118 3833 lere
1137 3780 1293 3830 strumento
1314 3781 1396 3830 erunt

350 3870 487 3933 escycte,
518 3865 684 3933 reyertrium
703 3868 902 3938 appellarunt„
932 3864 990 3922 Sed
1010 3864 1039 3920 in
1061 3865 1105 3922 lris
1123 3867 1268 3924 cubilibus
1287 3871 1396 3929 milites

406 4209 428 4263 ')
457 4209 507 4260 Agri
521 4223 638 4251 mensorum
651 4210 735 4262 pigisse
750 4218 797 4251 srrnt
810 4210 877 4251 ubivis
892 4209 985 4250 editionis
1000 4211 1120 4254 Gonsicnno.

391 4288 425 4344 “)
453 4292 564 4339 Vsrronern
578 4293 604 4332 do
618 4292 676 4345 Iring.
692 4294 741 4337 unt.
756 4295 866 4337 secundun
880 4294 1015 4347 pmmpto·
1028 4295 1123 4337 editionis
1136 4295 1219 4337 itlillsri
1233 4297 1281 4360 cito,
1329 4306 1332 4311 '
