3492 5242
834 684 1020 762 1011

354 889 412 941 lem
438 886 656 957 descriptionem
683 886 815 943 exhibuit
840 887 986 953 Schele,
1024 889 1133 958 proleg.
1161 906 1187 959 p.
1206 892 1241 945 39
1257 906 1319 959 sqq.
1343 891 1391 957 (cf.

354 990 413 1034 not.
431 983 482 1037 318
498 984 591 1050 sqq.);
623 997 640 1035 a
663 997 720 1048 quo
745 982 798 1038 toti
824 983 948 1054 pendent
971 983 1054 1037 ant
1072 995 1101 1039 et
1117 983 1267 1051 Roesch,
1296 986 1392 1039 Romi·

356 1076 421 1131 eche
437 1077 744 1146 Kriegcnltertlr‘tnner,
762 1095 790 1147 p.
810 1081 862 1135 376
879 1096 959 1148 sqq.,
999 1078 1091 1150 lloy,
1114 1077 1157 1131 tlte
1175 1078 1302 1148 military
1318 1079 1392 1131 nnti-

355 1171 456 1242 pnities
474 1174 507 1239 ot
522 1171 567 1225 tlte
584 1171 753 1225 Romanuin
764 1173 894 1241 Britain,
913 1173 970 1228 and
986 1172 1177 1242 particularly
1194 1171 1267 1226 their
1283 1171 1392 1226 ancient

353 1273 455 1335 system
474 1268 507 1333 of
520 1266 763 1329 nostrumdabam
780 1284 807 1335 p.
827 1271 879 1326 116
896 1284 978 1336 sqq‚,
1003 1265 1146 1328 Planer‚
1164 1265 1198 1319 de
1215 1265 1320 1319 caetris
1336 1266 1392 1320 llo·

353 1361 461 1421 manis,
480 1377 508 1430 p.
528 1360 561 1414 st
576 1374 639 1428 sqq.

423 1641 663 1713 Papilionum]
698 1642 865 1712 Papiliones
894 1651 1029 1697 vocantur
1053 1639 1189 1711 castrensj
1215 1655 1261 1694 ac·
1280 1637 1392 1721 plehep'o

354 1737 511 1803 vocabulo,
546 1739 603 1804 quo
632 1748 746 1807 praeter
770 1739 912 1808 Hyginum
937 1741 973 1804 (l.
996 1740 1039 1794 87.
1065 1732 1126 1804 28.)
1150 1733 1289 1804 vegetius
1306 1737 1346 1800 (l,
1364 1735 1391 1788 8.

354 1834 380 1893 1,
398 1832 441 1884 33.
461 1834 488 1895 3,
505 1833 545 1892 8.)
565 1840 596 1884 et
615 1829 752 1884 historiae
769 1831 916 1900 Augustae
933 1829 1086 1899 scriptores
1108 1839 1237 1900 utuntur,
1269 1825 1394 1883 tentoria

352 1923 473 1976 militurn
491 1933 609 1992 propter
627 1924 853 1986 similitudinem,
885 1942 967 1993 quam
985 1941 1046 1978 cum
1071 1923 1266 1994 papilionibus
1290 1922 1394 1976 habere

354 2016 614 2084 videbantur(lsid.
634 2019 716 2087 Orig.
738 2024 779 2087 16,
801 2024 840 2075 ln.
867 2021 1101 2082 (11.11).13,8.).
1139 2019 1300 2073 Sermonem
1318 2015 1394 2069 mili-

351 2121 439 2165 tarem
466 2111 609 2165 abundare
634 2124 745 2168 constat
773 2113 919 2168 vocabulis
946 2113 1144 2184 metaphoricis
1166 2129 1183 2166 a
1206 2109 1394 2167 similitudino

352 2205 514 2260 animalium
532 2207 633 2261 ductis.
669 2208 702 2262 ln
721 2209 956 2278 comparationem
976 2209 1158 2264 tentoriorum
1175 2219 1203 2262 et
1220 2206 1393 2277 papilionum

351 2299 457 2353 milites
475 2314 508 2351 ea
525 2299 586 2352 sine
603 2299 691 2354 dubio
709 2318 740 2355 re
758 2302 928 2369 inciderant,
961 2315 991 2357 nt
1009 2302 1154 2357 intellexit
1172 2300 1290 2361 Schola,
1315 2298 1393 2366 quod

353 2393 458 2463 pelles,
484 2392 643 2462 exquibus
662 2396 783 2449 tentoria
802 2407 955 2450 castrorum
975 2395 1143 2450 aestivorum
1162 2390 1337 2457 constabant,
1365 2401 1395 2446 et
1428 2369 1437 2385 “

351 2503 369 2540 a
388 2487 479 2540 fronte
497 2498 525 2542 et
543 2503 559 2540 a
576 2500 660 2557 tergo
684 2491 712 2542 in
736 2491 831 2544 medio
854 2491 891 2543 ad
915 2490 1022 2545 exitum
1049 2486 1250 2558 aperiebantur
1267 2485 1392 2555 (Lampr.

352 2582 420 2637 Sev.
440 2583 621 2644 1116161.)
641 2593 669 2636 et
688 2583 941 2653 suspendebantur.
985 2582 1061 2636 Boni
1083 2582 1239 2652 scriptores
1254 2583 1317 2649 'pro
1343 2594 1395 2647 pa·

352 2678 509 2749 pilionibus
527 2681 649 2734 tentoria
668 2679 713 2732 vel
732 2680 913 2735 tabernacula
932 2676 1046 2737 dicunt,
1074 2675 1149 2730 inter
1166 2689 1239 2741 quae
1257 2672 1394 2727 vocabula

352 2771 503 2840 dignitatis
521 2772 672 2826 discrimen
693 2787 746 2824 non
765 2770 918 2830 intercedit
936 2771 982 2836 (cl.
1001 2770 1082 2824 (lues.
1100 2768 1135 2824 B.
1155 2769 1187 2823 G.
1205 2771 1230 2833 3,
1249 2769 1293 2824 85.
1337 2766 1393 2820 Fe·

352 2876 412 2921 stus
429 2883 453 2922 s.
475 2884 499 2920 v.
519 2866 727 2920 contubernales
753 2883 779 2936 p.
797 2867 839 2920 38.
868 2864 975 2919 Miiller
992 2867 1048 2927 *).-
1069 2862 1139 2918 lsid.
1155 2860 1237 2927 Orig.
1258 2860 1389 2925 16,10.).

351 2965 414 3020 Nec
428 2965 588 3032 papiliones
604 2964 666 3016 sola
682 2961 803 3016 militum
824 2959 1020 3028 gregariorum
1038 2953 1160 3011 tentoria
1180 2953 1322 3024 appellari
1341 2952 1391 3006 do-

351 3057 412 3113 cuit
429 3058 532 3113 Schele
554 3055 649 3111 allatis
669 3056 754 3121 locis,
786 3053 836 3108 ubi
858 3055 902 3107 vel
927 3053 1053 3124 ipsorum
1072 3047 1236 3118 Principum
1260 3047 1392 3104 taberna-

352 3155 418 3207 cula
436 3152 596 3223 papiliones
614 3160 749 3204 vocantur
766 3150 890 3217 (Lampr.
908 3146 974 3200 Sev-
988 3147 1035 3199 nl.
1052 3147 1095 3199 bl.
1122 3142 1209 3198 Treb.
1220 3141 1296 3196 Poll.
1308 3139 1390 3209 Τῆς.

351 3247 422 3315 Tyr.
440 3248 481 3300 16.
507 3245 615 3301 Quibus
631 3244 720 3297 addo:
739 3241 853 3311 Lampr.
872 3241 892 3294 l.
911 3256 935 3292 c.
952 3241 995 3294 61.
1022 3237 1118 3309 Spart.
1138 3234 1307 3302 Pernnig.
1327 3237 1390 3302 11).

351 3342 454 3406 Itaque
471 3338 533 3392 solo
551 3337 699 3409 scriptoris
717 3333 838 3390 arbitrio
860 3334 964 3388 lactum
988 3331 1114 3398 uidetur,
1145 3342 1175 3384 ut
1197 3328 1390 3399 praetoriano-

351 3450 413 3487 rum
431 3442 461 3488 et
477 3441 610 3486 stratorum
627 3430 748 3486 tentoria
772 3444 826 3481 non
850 3425 1024 3497 papiliones,
1054 3424 1103 3479 sed
1123 3424 1245 3480 tentoria
1261 3422 1389 3493 appella·

351 3542 397 3588 ret
413 3535 450 3597 (6.
467 3533 492 3587 8.
513 3531 575 3592 13)·
1353 3527 1355 3529 ’

421 3623 637 3690 Teneionem]
670 3622 763 3678 lltiam
788 3622 845 3676 hoc
870 3618 1058 3683 vocabulum,‘·
1084 3613 1159 3683 quod
1185 3629 1252 3668 mox
1275 3611 1390 3682 repetit,
1423 3671 1426 3676 ,

351 3716 502 3783 castrense,
514 3717 627 3773 ridetur
642 3731 719 3783 esse,
746 3730 838 3783 neque
855 3712 928 3766 enim
946 3710 1005 3764 ullo
1022 3708 1081 3764 alio
1098 3698 1164 3762 loco
1180 3706 1212 3762 id
1229 3721 1263 3760 ea
1278 3713 1390 3760 senten·

351 3820 407 3884 tia,
428 3831 483 3884 qna
501 3815 549 3867 bic
566 3822 727 3882 usurpatum
745 3820 804 3874 est,
823 3806 934 3874 legitur.
989 3816 993 3818 ·

420 3907 636 3976 Cohortium]
653 3923 692 3961 sc.
709 3903 937 3975 legionariorum.
981 3899 1092 3956 Pendet
1114 3896 1257 3969 genitivus
1273 3910 1291 3950 a
1306 3894 1389 3966 geni·
1483 3924 1485 3930 ·

352 4007 411 4090 tiro
429 4004 622 4076 papilionum
651 4002 746 4057 endem
767 4001 875 4061 ratione
894 3999 950 4054 duo
969 3994 1089 4067 genitivi
1107 3990 1247 4063 conjuncti
1263 3998 1327 4047 sunt
1345 3989 1387 4044 12.

354 4104 396 4157 15.
412 4103 456 4157 38.
474 4102 517 4155 41.
537 4100 580 4155 lli.

409 4330 430 4383 *)
457 4333 513 4374 nera
526 4332 608 4386 papium
622 4345 649 4373 ax
662 4331 746 4374 uallari
759 4328 849 4373 adiliano
862 4341 942 4382 comper
955 4326 1022 4366 citari.
