3492 5242
842 639 955 718 tor.
1049 612 1051 619 ’

360 833 520 912 manipulos
539 842 581 898 ibi
600 844 754 901 tetendisse
771 843 931 903 clarissime
949 849 1068 912 apparet
1085 858 1122 897 ex
1139 841 1195 906 eis,
1219 858 1292 912 quoe
1308 843 1398 916 Poly-

360 933 431 991 bius
444 934 480 988 de
498 945 610 994 tessera.
622 948 719 993 narrat
737 938 775 1003 (6,
794 940 859 1002 34).
911 937 1012 1004 Neque
1035 936 1129 992 obstat
1152 937 1219 991 baio
1237 923 1285 991 de'
1299 947 1399 1006 portas

360 1026 526 1083 decumanae
543 1030 598 1087 situ
616 1032 769 1086 sententiae
788 1048 848 1086 mos
865 1030 986 1105 Polybii
1001 1031 1123 1085 frontem
1140 1043 1292 1096 castrorum
1308 1031 1398 1100 signi·

358 1118 471 1178 ficandi.
516 1123 603 1179 Quam
623 1127 695 1180 enim
715 1126 857 1198 Polybius
882 1126 1000 1180 frontem
1026 1126 1163 1192 nominat,
1193 1137 1254 1182 erat
1273 1141 1307 1179 eo
1330 1136 1398 1180 tem-

359 1230 430 1283 pore
452 1218 528 1273 frons
542 1219 692 1291 >auguralis
706 1225 745 1284 (v.
763 1213 991 1294 snprap.153.),
1010 1236 1064 1275 non
1082 1233 1142 1276 erat
1164 1219 1242 1274 lroos
1257 1219 1398 1280 militaris.

357 1309 492 1365 Frontem
509 1311 658 1367 militarem
678 1316 722 1371 rel
738 1316 857 1388 Polybii
878 1292 1002 1386 tempore
1020 1313 1051 1368 id
1068 1326 1222 1370 castrorum
1240 1314 1312 1368 latus
1328 1315 1398 1370 luis·
1452 1343 1457 1362 ι

358 1417 401 1466 se,
435 1403 464 1457 in
484 1420 539 1470 quo
557 1417 636 1472 porta
657 1411 892 1478 praemiserat,
926 1418 1003 1465 recte
1020 1407 1120 1463 statuit
1135 1407 1245 1461 Klenze
1263 1410 1334 1474 (138.
1352 1408 1397 1465 Cf.

357 1494 422 1548 Pol.
437 1500 465 1561 6,
482 1498 544 1567 lb).
577 1499 765 1568 Reliquorum
782 1510 875 1556 autem
893 1499 1062 1570 scriptorum
1080 1501 1241 1574 testimonia
1258 1503 1351 1557 omnia
1368 1501 1397 1555 in

359 1604 392 1640 ea
412 1604 443 1641 re
463 1591 631 1660 concinunt,
665 1594 742 1661 quod
763 1579 873 1662 portam
899 1594 1118 1663 praetoriamlin
1142 1595 1237 1650 lronte
1256 1593 1398 1660 (militari)

356 1691 510 1738 castrorum
528 1687 575 1753 (cl.
595 1704 621 1756 p.
641 1691 727 1756 tta),
757 1689 939 1743 decumanam
956 1691 986 1744 in
1008 1705 1108 1744 aversa
1131 1699 1210 1760 parte
1228 1691 1315 1744 luisse
1333 1687 1398 1760 per·

355 1776 463 1832 hibent.
502 1776 538 1832 V.
557 1779 621 1833 Liv.
642 1785 685 1845 16,
703 1783 746 1837 37.
770 1782 852 1837 Caes.
866 1782 901 1837 Β.
920 1784 955 1839 G.
974 1785 1002 1846 3,·
1019 1787 1061 1840 34.
1085 1787 1111 1851 3,
1130 1787 1173 1840 lb.
1198 1785 1223 1849 6,
1242 1785 1284 1838 37.
1312 1781 1345 1836 B.
1364 1780 1395 1836 G.

355 1872 383 1935 3,
403 1872 447 1925 69.
468 1873 510 1927 76.
530 1876 572 1928 st.
592 1877 635 1929 96.
671 1874 740 1928 Tac.
760 1876 833 1929 Ano.
853 1877 877 1942 1,
895 1879 940 1934 66.
968 1885 999 1932 at
1021 1878 1115 1933 omtctt‘
1136 1883 1250 1932 merent
1271 1877 1319 1951 od*
1328 1892 1397 1944 por

356 1970 416 2028 tas,
437 1981 566 2034 ¹quterram
589 1970 741 2024 &enmono
759 1971 883 2026 monime
903 1974 1063 2040 petebatur,
1092 1988 1195 2026 auerso
1213 1969 1286 2024 boeti
1309 1975 1336 2022 el
1351 1971 1397 2035 fu·

354 2058 493 2125 pientinus
519 2062 616 2118 tutior.
652 2063 730 2134 Hyg.
750 2065 794 2119 66.
820 2066 863 2119 21.
895 2065 968 2133 Veg.
990 2070 1026 2127 1,
1040 2067 1083 2121 33.
1115 2067 1278 2120 Deoumons
1305 2069 1397 2118 omem

352 2159 437 2221 porto
456 2171 526 2222 quoe
543 2141 735 2225 appellatur,=
751 2167 817 2230 poet
836 2162 1017 2231 praetorium
1035 2167 1091 2228 est,
1122 2177 1177 2237 per
1199 2175 1280 2228 quam
1304 2157 1396 2211 delin-

355 2253 466 2314 quentes
491 2249 597 2304 militer
625 2253 777 2307 educuntur
801 2254 840 2321 od
864 2269 992 2320 poenam.
1015 2253 1064 2315 (cl.
1084 2252 1120 2306 ad
1139 2253 1213 2319 Veg„
1232 2253 1322 2305 locum
1342 2250 1396 2304 Fe-

354 2353 415 2396 stus
434 2359 454 2397 s
476 2360 500 2395 v.
517 2347 647 2402 pollescit
669 2365 696 2417 p.
715 2351 775 2404 377.
809 2347 912 2402 Senec.
932 2345 969 2400 de
991 2345 1039 2400 Ira
1057 2350 1083 2411 l,
1105 2348 1146 2402 16.
1178 2346 1258 2401 Caes.
1277 2345 1310 2397 B.
1332 2344 1394 2397 Afr.

354 2437 420 2500 46).
467 2435 523 2491 Sed
542 2438 596 2493 etsi
618 2452 699 2508 porta
716 2440 871 2495 decumana
888 2439 918 2494 iu
937 2455 1036 2494 auersa
1060 2449 1138 2507 parte
1157 2449 1312 2492 castrorum
1331 2435 1396 2501 suit,

355 2544 446 2586 tarnen
467 2533 534 2588 inde
555 2551 609 2589 non
628 2537 769 2603 sequitur,
797 2551 937 2601 nunquam
955 2551 994 2589 ex
1011 2550 1044 2588 ea
1061 2531 1236 2604 eruptionem
1255 2531 1283 2585 in
1303 2530 1396 2587 hostes

353 2624 419 2679 fieri
438 2626 578 2695 potuisse,
601 2630 677 2697 quod
695 2631 763 2685 ideo
780 2631 891 2697 monui,
911 2630 1028 2697 nequis
1046 2627 1125 2681 Liuii
1144 2627 1234 2680 locum
1251 2628 1278 2691 3,
1296 2629 1322 2680 6.
1341 2624 1395 2678 mi·

354 2721 385 2774 hi
404 2732 567 2790 opponeret·
610 2725 712 2791 Neque
730 2724 820 2792 magis
838 2722 909 2777 mibi
927 2720 1032 2793 opponi
1052 2731 1146 2790 potest
1164 2721 1244 2783 locus
1263 2721 1342 2785 Caes.
1357 2718 1393 2772 Β.

352 2813 418 2867 Asr.
436 2818 496 2882 29..
529 2815 578 2871 ubi
604 2828 713 2888 portam
739 2819 918 2874 decumanam
941 2810 972 2872 in
998 2815 1133 2888 oppidum
1157 2814 1261 2884 Leptin
1287 2826 1394 2879 versus,

353 2907 429 2974 quod
450 2911 680 2979 oppugnabatur,
706 2923 847 2983 spectasse
865 2910 1039 2966 statuendum
1058 2919 1107 2964 est
1141 2907 1223 2963 *Nam
1243 2906 1272 2961 in
1291 2905 1392 2976 oppidi

353 3001 504 3055 obsidione
530 3016 612 3072 porta
638 3003 780 3072 praetoria
798 3005 835 3057 ab
853 3002 959 3074 oppido
984 3020 1084 3058 aversa
1099 2988 1163 3057 esse
1182 3002 1313 3058 deberet
1332 3017 1392 3056 enm

354 3105 458 3163 partem
474 3108 614 3166 spectare,
635 3098 663 3152 in
679 3113 761 3165 quam
774 3097 830 3152 iter
845 3106 945 3167 postea
959 3097 1167 3170 suscipiendum
1184 3106 1233 3152 est.
1244 3126 1276 3136 -
1305 3096 1394 3150 Porta

353 3191 505 3243 decumana
526 3191 584 3244 alio
607 3193 719 3248 nornine
742 3181 938 3248 nominabatur
964 3204 1081 3264 propter
1105 3191 1235 3259 adjacens
1259 3201 1393 3259 quaesto-

352 3285 425 3338 rium
443 3290 604 3355 moratoria
623 3288 700 3354 (Lis.
716 3291 760 3354 34,
778 3290 821 3343 47.
840 3291 885 3353 46,
904 3290 969 3353 37.)
1018 3286 1065 3341 nd
1084 3299 1194 3356 portam
1208 3286 1392 3362 'decumanam

352 3381 405 3435 sub
426 3381 499 3433 vallo
520 3382 673 3436 tetendisse
692 3382 823 3436 videntur
840 3394 1011 3437 mercatores
1029 3383 1121 3451 (Caes.
1139 3382 1173 3436 B.
1193 3380 1227 3435 G.
1244 3382 1272 3446 6,
1290 3381 1357 3447 sn).

422 3473 666 3529 Quaestorium
684 3474 818 3529 minore
836 3491 915 3531 esse
934 3476 1038 3531 debet
1055 3473 1270 3553 latitudine-s
1292 3458 1392 3542 qoam

351 3567 577 3636 praetorium]
607 3568 713 3623 Schele
731 3581 898 3622 correxerat
915 3567 1029 3623 minori.
1073 3566 1207 3622 Latitodo
1218 3565 1390 3635 quaestuarii,

351 3678 425 3729 quae
452 3661 589 3729 pendete
616 3664 736 3718 militum
766 3662 795 3716 io
823 3672 965 3719 retentura
994 3661 1166 3719 tendentium
1184 3676 1300 3725 numero
1312 3662 1391 3728 (39),

350 3767 455 3823 quanta
473 3756 556 3810 sitin
575 3759 690 3825 castris,
709 3775 780 3828 quae
798 3760 933 3828 Hyginus
953 3759 1028 3813 inlra
1044 3757 1204 3824 constituit,
1227 3753 1391 3839 colligimus
1490 3763 1491 3766 ’

349 3851 431 3915 iude,
448 3850 541 3917 -quod
558 3851 588 3905 in
605 3853 648 3908 eis
666 3855 768 3909 castris
785 3866 905 3922 utraque
928 3866 1009 3925 parta
1029 3852 1185 3921 quamtorii
1203 3855 1235 3909 17
1253 3848 1391 3905 semistri·

350 3944 399 4013 gio
417 3944 515 4013 copiae
531 3947 674 4015 accipiunt
691 3949 767 4010 (43.)
812 3947 845 4004 st
865 3948 953 4017 igitur
971 3965 1008 4003 ex
1024 3932 1176 4004 latitudine
1193 3945 1280 4003 totius
1297 3956 1390 3999 reten-

352 4051 445 4107 turae‚
464 4049 595 4106 quaeest
612 4041 712 4109 pedum
730 4044 798 4097 125⁰
815 4043 864 4109 (cl.
880 4044 950 4111 32),
969 4042 1134 4101 deducimus
1150 4044 1185 4104 34
1202 4037 1389 4109 semistrigio·

351 4150 410 4186 rum
430 4134 606 4191 latitudinem
626 4137 672 4191 rel
690 4137 778 4207 pedes
797 4139 880 4206 1016,
899 4145 1049 4208 supersunt
1066 4137 1154 4207 pedes
1170 4139 1230 4198 736.
1264 4134 1389 4190 Quorum

350 4230 385 4282 80
403 4227 457 4282 uiis
479 4227 626 4284 vicinariis
648 4230 711 4285 dari
730 4241 852 4302 oportet.
906 4229 1035 4286 Totidem
1058 4231 1133 4287 enim
1153 4229 1215 4283 viae
1237 4223 1390 4283 uiciunriae
