3492 5242
847 697 904 775 28

354 893 392 958 in
412 892 548 981 codice,
582 919 624 963 ex
644 919 711 986 qno
732 882 849 964 dnctns
873 910 944 986 est,
982 902 1164 990 fragmenta
1189 900 1248 968 illa
1272 905 1396 972 mathe-

354 1002 470 1069 matica
490 1008 738 1095 praecedebant.
785 1011 935 1102 Scriptor
955 1011 1044 1081 enim
1067 1010 1234 1078 eodieisB
1253 1009 1290 1079 in
1312 1036 1397 1085 marr

355 1109 433 1199 gina
460 1113 535 1180 folii
556 1115 607 1182 7a
635 1117 800 1187 adnotavit
827 1098 928 1188 hader
968 1125 1009 1188 In
1030 1122 1102 1189 cod.
1123 1123 1200 1188 MS.
1223 1123 1322 1189 valde
1342 1124 1396 1190 do

352 1231 493 1310 provata
524 1229 726 1308 praecedant
762 1230 912 1313 quaeda,
948 1251 1032 1314 qaae
1069 1231 1115 1296 ad
1144 1244 1294 1296 mesaras
1324 1232 1396 1314 fora

291 1376 294 1382 -
353 1345 449 1396 mora
466 1339 610 1416 pertinet
629 1345 659 1401 ct
679 1339 831 1405 videntia
849 1341 987 1404 allerias
1008 1359 1074 1404 esse
1095 1338 1199 1404 libelli
1216 1337 1270 1425 86).
1302 1336 1397 1404 Idem

351 1449 521 1529 praeterea
543 1443 583 1509 de
605 1445 740 1529 codice,
768 1459 869 1536 quem
888 1446 1084 1536 descripsit,
1114 1445 1274 1512 nonnulla
1303 1469 1396 1517 enar·

352 1558 403 1614 rat
422 1548 459 1615 in
480 1550 561 1617 folio
575 1551 665 1618 10b=
686 1558 753 1621 Nec
761 1557 865 1639 plara
877 1555 994 1648 hoholt
1007 1559 1230 1639 manuscripto
1247 1547 1395 1640 ereptor,

352 1679 428 1748 ΗΜ·
456 1732 494 1777 er
516 1732 580 1795 qno
608 1716 675 1779 isto
696 1713 929 1798 descripsimus
957 1714 1015 1779 sed
1035 1735 1104 1799 neq·
1127 1716 1233 1779 altera
1255 1708 1344 1780 illud
1364 1719 1397 1783 εἰ

350 1836 393 1890 no
417 1824 474 1888 ide
500 1822 586 1888 ande
608 1843 721 1905 panca
750 1823 880 1906 quaeda
907 1824 1077 1888 transtulit
1098 1816 1329 1907 Volaterranos¹
1360 1827 1397 1889 in

353 1933 525 1999 Commeat.
544 1933 661 1996 XXX.
686 1931 824 1996 Caetera
844 1938 885 1996 at
902 1935 937 1996 in
957 1934 1020 2016 fine
1041 1933 1209 2031 Wii‘ii‘l
1227 1935 1277 1997 sic
1298 1934 1395 1999 initio

350 2053 509 2119 nonnolta
541 2051 646 2116 deesse
673 2049 835 2142 videntur.
888 2053 973 2116 Nam
1001 2071 1083 2133 qnae
1110 2050 1326 2133 praecedebat
1360 2054 1397 2117 'in

350 2185 418 2228 rneo
447 2166 537 2228 circa
561 2162 701 2245 paginis
733 2160 807 2225 trib.
839 2159 1004 2245 descripta
1032 2161 1077 2225 ad
1095 2161 1279 2243 formarum
1294 2181 1395 2243 prae·

230 2288 234 2296 ’
352 2276 481 2356 cipaar.
518 2272 698 2355 pentagoni
737 2269 915 2333 dimisione
950 2268 1134 2350 pertinebat
1164 2277 1196 2334 et
1225 2274 1323 2336 anias
1354 2268 1393 2351 [i]

286 2426 290 2439 ›
352 2384 560 2448 tractationis
584 2384 658 2446 visa
686 2386 763 2445 sant
784 2401 856 2445 carn
879 2381 957 2457 illa,
987 2400 1053 2464 qao
1074 2402 1112 2445 es
1134 2379 1173 2460 [t]
1195 2376 1396 2463 Epafroditi

351 2515 385 2574 et
404 2509 547 2573 Vitrnaii
567 2508 661 2591 Raffi
680 2493 763 2572 narn.
791 2510 826 2572 in
853 2508 1040 2591 lccjnsmodi
1069 2507 1283 2573 collectionib.
1307 2527 1395 2590 repe·

319 2617 321 2623 ’
350 2619 492 2681 riantur.
531 2616 674 2700 'Reliqua
702 2619 768 2682 etia
782 2619 843 2696 ita
871 2623 1028 2700 corrapta
1051 2623 1089 2681 at
1113 2618 1242 2681 meliore
1264 2627 1325 2682 oto·
1342 2637 1395 2682 ea·

351 2726 491 2809 emplari
511 2725 695 2809 indigeant.

438 2837 477 2904 Si
497 2861 575 2905 vcra
596 2845 726 2920 essent,
761 2857 844 2925 quae
866 2834 907 2899 de
935 2832 1047 2899 codice
1068 2832 1278 2899 Volaterrani
1298 2832 1392 2919 dicit,

352 2944 456 3011 codex
482 2948 510 3010 B
532 2968 573 3009 ex
594 2943 706 3009 codice
728 2940 908 3007 Arceriano
930 2940 1113 3030 descriptas
1136 2951 1223 3008 esset
1244 2944 1300 3017 87).
1344 2941 1394 3008 At
1416 2980 1420 2990 ·

352 3053 472 3120 errarit
493 3053 566 3120 sine
588 3052 688 3117 dubio
708 3050 759 3118 rir
781 3049 916 3132 doctus,
948 3047 1006 3138 qni
1028 3048 1174 3116 codicem
1195 3053 1224 3116 B
1245 3048 1390 3141 scripsit.

351 3161 436 3229 Nam
457 3161 511 3230 vel
531 3161 585 3246 id,
616 3160 705 3251 quod
737 3162 917 3246 fragmenta
944 3158 1167 3224 mathematica
1189 3158 1275 3224 circa
1294 3160 1394 3250 pagi-

350 3272 405 3338 nis
434 3272 540 3337 tribus
568 3269 690 3359 scripta
718 3269 822 3334 fnisse
853 3267 890 3332 in
913 3268 1025 3335 codice
1046 3294 1107 3336 sno
1136 3281 1265 3356 narrat,
1298 3272 1392 3343 testi-

351 3381 556 3466 monioest,
589 3382 678 3466 hunc
701 3402 768 3444 non
793 3378 897 3444 fuisse
920 3379 1066 3446 codicem
1086 3380 1325 3463 Arceriannm,
1354 3381 1391 3447 in

293 3540 295 3544 -
351 3514 419 3582 qno
441 3500 583 3581 quatuor
603 3490 672 3554 iere
694 3486 830 3576 paginas
853 3489 1029 3575 complent.
1074 3488 1224 3573 Deinde,
1245 3489 1281 3554 id
1301 3489 1391 3580 qnod

351 3599 580 3690 gravissimum
600 3607 669 3684 est,
700 3595 803 3664 codex
824 3599 853 3662 B
873 3597 920 3663 ita
942 3621 961 3663 a
983 3597 1096 3664 codice
1117 3597 1299 3665 Arceriano
1321 3616 1390 3666 sae·

419 3847 466 3911 86)
501 3845 617 3899 Erravit
638 3844 729 3911 igitur
755 3842 887 3907 Ebertvl.
906 3858 946 3909 α,
971 3842 1021 3909 qui
1045 3842 1171 3897 codicem
1200 3856 1325 3899 nostrum
1353 3861 1390 3899 ex

286 3956 291 3971 ·
352 3938 470 4000 codice,
495 3939 543 4006 qui
570 3939 654 3993 inicio
676 3939 790 3994 mutilus
814 3936 915 4003 luerit,
943 3937 1118 4008 descriptum
1143 3939 1314 4003 essedicit.
1356 3940 1389 3994 ln

352 4048 476 4087 errorem
496 4034 648 4102 perductas
667 4048 709 4089 est
728 4034 823 4087 verbis
840 4050 857 4088 a
874 4034 1015 4103 scriptore
1033 4034 1063 4086 in
1081 4034 1148 4089 lolio
1168 4034 1225 4088 rob
1243 4035 1390 4104 perscrip-

352 4127 402 4181 tis:
430 4127 488 4181 Neo
504 4130 590 4197 plara
609 4129 703 4184 tabuit
720 4130 938 4196 manuscriptam
959 4131 1115 4200 exemplar,
1140 4145 1213 4196 quae
1236 4138 1327 4185 tamen
1354 4129 1389 4187 ad

227 4222 229 4227 ’
353 4223 444 4278 solum
461 4222 545 4276 finem
564 4220 660 4276 libelli
678 4223 824 4292 pertinere
842 4233 926 4290 patet.

422 4319 467 4384 87)
503 4315 541 4372 V.
560 4331 646 4388 supra
663 4332 690 4384 p.
713 4318 758 4381 lt.
777 4325 833 4371 not.
854 4316 906 4378 15).
