3492 5242
841 623 894 700 w

354 835 483 907 censet,
511 846 606 912 quum
629 824 765 892 ¹brevius
796 825 976 892 narraverit
996 824 1173 891 Frontinus
1205 824 1242 889 in
1267 823 1388 893 Strate-

353 940 501 1020 gematon
521 928 619 996 libris
634 932 697 1011 89).
742 930 851 1013 Quem
877 942 984 998 nmen
1014 932 1124 998 locum
1155 931 1184 998 si
1206 933 1389 999 accuratius

354 1037 588 1129 contemplatus
611 1037 699 1122 eris,
722 1038 907 1122 inveneris,
930 1039 1165 1128 comparationi
1188 1040 1330 1106 duorum
1352 1041 1388 1107 il·

352 1147 458 1213 lorum
481 1148 627 1215 locorum
649 1145 748 1212 nimis
770 1145 880 1212 tenuia
902 1145 1071 1232 subjacere
1092 1146 1226 1215 indicia.
1270 1148 1390 1240 Neque

352 1252 440 1319 enim
456 1254 741 1344 profectosnfficit‚
764 1255 853 1344 quod
868 1255 934 1323 loci
955 1255 1006 1321 illi
1029 1256 1116 1322 inter
1130 1281 1164 1322 se
1180 1280 1247 1323 non
1268 1281 1389 1349 repug-

352 1374 442 1427 nant.
495 1363 678 1452 Utrumque
713 1363 753 1427 ad
785 1363 919 1428 eandem
949 1387 1019 1430 rem
1052 1363 1169 1430 referri
1195 1388 1295 1454 posse
1323 1387 1388 1432 non

351 1495 457 1560 nego,
503 1476 618 1541 referri
667 1475 786 1540 debere
826 1472 993 1539 Dederieb
1032 1495 1099 1537 non
1143 1472 1388 1557 demonstravit.

351 1579 491 1646 Limites
519 1581 606 1647 enim
628 1607 731 1674 aeque
758 1584 842 1648 benc
868 1605 906 1647 ae
927 1578 1137 1645 Domitianus
1159 1580 1327 1668 Trajanus
1355 1582 1391 1649 in

350 1687 439 1754 bello
459 1688 584 1756 Dacico
605 1715 702 1779 agere
723 1689 849 1780 potnit,
872 1688 1071 1777 omninoque
1093 1687 1256 1774 Trajanns
1277 1691 1392 1758 endem

351 1807 537 1867 mensorum
564 1821 663 1887 opera
691 1799 829 1886 egebat,
864 1820 928 1888 qua
958 1796 1166 1862 Domitianus
1185 1802 1238 1875 ⁹⁰).
1284 1801 1390 1867 Acce·

352 1905 419 1990 dit,
450 1907 539 1996 quod
568 1905 700 1972 nimiam
723 1907 872 1996 proiecto
903 1904 1120 1970 adulationem
1146 1906 1307 1974 Frontino
1332 1909 1391 1975 im·

351 2013 461 2101 putari
491 2037 627 2081 necesse
653 2023 760 2096 esset,
790 2013 820 2078 si
851 2013 942 2079 illam
971 2012 1143 2102 epistolam
1175 2016 1215 2081 de
1246 2017 1347 2084 rebus
1373 2043 1393 2086 a

350 2119 540 2188 Domitiano
567 2121 669 2210 gestis
699 2122 897 2211 scripsisset.
951 2121 1146 2211 Quanquam
1167 2123 1255 2190 enim
1274 2125 1392 2193 Domi·

350 2228 474 2295 tiannm
500 2231 656 2297 laudibus
678 2232 718 2297 ab
742 2255 780 2297 eo
804 2231 924 2296 elatum
945 2254 1018 2296 csse
1040 2243 1166 2298 constat
1181 2238 1223 2318 ⁹¹)
1235 2282 1246 2319 ,
1279 2258 1321 2302 eo
1346 2246 1393 2302 ta·

351 2363 426 2405 men
452 2342 594 2408 adulatio
626 2342 699 2429 ejus
731 2342 785 2408 vix
815 2342 924 2431 potuit
950 2342 1123 2431 progredi,
1164 2354 1199 2407 ut
1231 2344 1272 2410 de
1304 2345 1393 2412 clara

353 2449 559 2536 expeditione
581 2461 614 2515 et
631 2451 766 2517 victoria
780 2451 990 2550 Imperatoris
1012 2451 1120 2516 verbis
1144 2453 1322 2540 grandibus
1344 2455 1391 2522 lo·

351 2562 578 2644 queretur)
524 2562 565 2639 ⁹²)
624 2558 716 2643 Quae
745 2560 848 2625 multo
880 2559 1001 2626 rectius
1031 2559 1070 2633 ad
1092 2560 1229 2646 Trajani
1258 2564 1390 2654 expedi·

350 2661 473 2729 tionem
493 2667 648 2733 Dacicum
678 2669 795 2733 referri
815 2667 1037 2734 videntur.
985 2673 1026 2749 ⁹3)
1014 2667 1295 2761 )Quapropter
1321 2673 1392 2764 epi·

351 2774 466 2841 stolam
487 2775 579 2842 illam
592 2752 720 2841 auctori
729 2777 769 2841 de
788 2776 1024 2849 munitionibus
1044 2789 1223 2844 castrorum
1244 2779 1388 2871 adscrip-

350 2883 461 2966 serim,
484 2909 557 2948 eum
577 2884 768 2971 praesertim
790 2883 960 2967 maximae,
983 2895 1020 2949 nt
1041 2885 1076 2950 in
1097 2899 1162 2950 tam
1184 2911 1285 2977 parvo
1300 2887 1389 2968 loco,

350 2989 557 3056 inveniantur
578 2991 738 3057 sermonis
761 2989 1005 3057 similitudines.
1064 2990 1120 3059 Sic
1141 2993 1296 3062 transitus
1323 2998 1390 3064 lor·

417 3242 463 3336 Sd)
498 3272 583 3329 strat.
611 3278 640 3344 Ι,
664 3278 695 3343 3,
722 3278 763 3329 1⁰.
804 3279 964 3345 Imperator
989 3277 1096 3332 Caesar
1121 3280 1304 3336 Domitianus
1326 3286 1390 3337 Au-

349 3374 461 3435 9natna,
490 3386 551 3422 cnm
574 3369 708 3424 Germani
732 3388 810 3424 more
834 3388 883 3425 ano
908 3373 1060 3427 eaaltt'bna
1080 3380 1106 3426 et
1125 3376 1252 3429 obscurio
1269 3376 1390 3433 latebris

349 3441 462 3514 subinde
485 3463 679 3532 impugnarent
706 3472 818 3519 noatroa
842 3472 979 3536 tutumque
1008 3484 1166 3536 repreaaant
1193 3470 1224 3523 in
1247 3473 1389 3540 profunda

348 3554 484 3608 siluarum
502 3555 651 3624 baberent,
669 3559 809 3613 limitibus
826 3575 878 3627 per
896 3566 1002 3613 centnm
1022 3560 1124 3628 viginti
1142 3563 1237 3616 mt'llt'u
1253 3580 1387 3632 paeonum

350 3650 438 3711 actia,
455 3667 509 3704 non
528 3652 644 3706 mutavit
659 3658 763 3708 tontum
781 3662 883 3710 atatam
902 3656 977 3720 belli,
997 3657 1047 3710 aed
1064 3656 1179 3725 subjecit
1198 3657 1300 3712 ditioni
1319 3676 1388 3714 auce

348 3741 454 3809 boatea,
473 3759 588 3813 quornm
605 3747 716 3816 refugia
734 3750 895 3803 traduceret.

415 3837 836 3908 mnmoe‚ama.

416 3932 463 3992 91)
498 3931 645 3989 Dedericb
663 3935 682 3989 l.
702 3952 725 3989 c.
743 3954 769 4006 p.
788 3940 849 3994 836.
870 3940 930 3993 842.

415 4023 461 4089 92)
496 4024 540 4079 cs.
559 4025 618 4081 Dio
635 4029 685 4096 67,
704 4031 730 4083 6.
751 4032 777 4083 7.
810 4076 814 4083 .

323 4173 327 4180 ,
414 4120 460 4185 93)
494 4120 573 4176 Idem
599 4121 696 4178 statuit
716 4120 826 4192 Rigalt.
853 4125 881 4176 in
909 4134 964 4180 not.
990 4143 1034 4197 ap.
1060 4128 1145 4182 Goes.
1170 4147 1195 4198 p.
1213 4131 1272 4186 233.
1314 4132 1383 4186 Nie-

349 4211 435 4278 bobr,
454 4215 532 4271 Rom.
555 4216 666 4283 Geton,
685 4219 716 4285 2,
735 4219 794 4275 53³.
815 4220 860 4274 ed.
883 4225 906 4275 1.
