3492 5242
826 740 829 745 ·
849 704 904 782 26

360 912 537 997 mauslato‘,
567 909 671 977 codex
690 909 808 976 Basilii
830 909 970 1005 Zaucbii
997 911 1180 1003 descriptus
1208 921 1269 978 cst.
1313 913 1398 980 Pos-

359 1021 444 1088 sedit
465 1020 609 1089 codicem
632 1022 661 1086 C
682 1029 795 1110 postca
814 1021 866 1087 Jo.
883 1023 1105 1100 wernerius,
1131 1020 1190 1111 qui
1212 1043 1287 1085 eum
1308 1020 1397 1086 douo

358 1128 449 1195 dedit
469 1135 564 1196 Petro
584 1123 781 1197 Scriverio.·
804 1127 870 1195 Hic
889 1127 979 1194 euim,
1004 1129 1039 1194 in
1069 1130 1136 1195 imo
1156 1121 1228 1195 folii
1250 1129 1291 1196 13
1312 1154 1397 1196 mar·

240 1260 245 1273 s
357 1239 435 1329 gine
472 1240 688 1330 perscripsita
725 1244 805 1308 Sum
834 1243 925 1306 Petri
952 1242 1111 1306 Serico-o·
1145 1262 1183 1306 ex
1221 1242 1305 1306 dono
1343 1245 1396 1306 Jo.

360 1352 525 1416 Wouvcrie'
558 1357 594 1416 Θ.
616 1354 675 1432 ⁸⁰).
729 1352 967 1442 Apographum
997 1349 1265 1432 Wouvcranum,
1306 1348 1398 1438 quod

239 1485 244 1492 ’
357 1457 489 1524 Scbclio
511 1483 642 1549 quoque
663 1470 776 1526 notum
798 1470 866 1528 crat
886 1462 943 1544 81),
966 1483 1031 1525 una
1053 1482 1127 1524 cum
1147 1457 1285 1548 reliquis
1302 1459 1397 1522 sebe·

356 1565 407 1631 dis
430 1566 646 1634 Scriveriauis
676 1569 712 1634 io
740 1568 972 1636 bibliothecam
995 1568 1283 1656 Guelferbytanam
1306 1565 1396 1633 vide·

354 1683 410 1738 tur
430 1684 550 1740 emtum
573 1699 657 1741 csse.
701 1677 847 1766 Pagiuae
874 1677 998 1745 codicis
1027 1674 1293 1744 24-2811neas
1316 1696 1395 1740 cou-

312 1805 315 1813 ’
354 1781 472 1848 tinent.
519 1783 681 1850 Custodes
702 1784 738 1848 iu
760 1785 888 1849 duobus
912 1786 1132 1863 tantummodo
1152 1783 1242 1850 foliis
1264 1781 1338 1849 151·
1362 1794 1395 1849 et

354 1891 424 1958 16b
450 1891 674 1960 inueniuntur.
726 1892 1011 1983 interpunctioucs
1038 1894 1177 1976 meunt,
1207 1891 1274 1956 nisi
1303 1891 1395 1979 quod

353 1999 409 2066 bic
424 2000 507 2092 iilic
534 1989 692 2091 puuctum
713 2012 828 2067 exstat.
874 2001 1077 2090 compendia
1103 2002 1283 2091 scripturae
1306 2022 1394 2065 com·

303 2145 312 2161 .
353 2109 449 2199 plura
469 2111 622 2193 exhibet,
651 2110 687 2176 iu
709 2133 887 2198 eorumque
909 2132 971 2174 usu
1002 2109 1142 2199 scriptor
1174 2106 1297 2173 codicis
1318 2106 1394 2173 dili·

353 2217 706 2307 pertissimusvidetur
728 2217 846 2302 fuisse,
870 2217 1134 2308 quandoquidem
1155 2206 1390 2306 saepenumero

351 2324 546 2396 vocabulum
586 2327 684 2417 plene
721 2337 754 2392 ct
788 2336 876 2392 recto
914 2327 1070 2418 scriptum
1112 2326 1233 2392 lineola
1273 2325 1400 2392 delevit

350 2440 504 2528 idemque
537 2439 598 2526 per
618 2436 810 2525 compendia
832 2435 990 2523 scriptum
1011 2434 1172 2525 apposuit.
1220 2433 1392 2524 Quaprop-

351 2558 403 2615 ter
424 2571 492 2613 nou
512 2547 639 2631 dubito,
661 2548 742 2637 quin
762 2547 1004 2613 accuratissime
1026 2545 1148 2612 codicis
1165 2543 1283 2613 Basilii
1307 2543 1393 2608 zan-

224 2730 229 2739 ·
352 2656 429 2741 chii
451 2655 628 2744 imaginem
658 2656 840 2746 exprimere
873 2656 1046 2723 studuerit.
1095 2653 1255 2719 Basiliam
1285 2662 1394 2717 autem

352 2790 427 2832 cum
454 2765 593 2831 maxime
629 2766 798 2856 probabile
827 2765 873 2831 sit
905 2765 1017 2831 eadem
1048 2762 1218 2862 diligentia
1245 2761 1393 2828 codicem

352 2875 478 2944 Gdesii
499 2877 636 2965 ejusque
658 2872 850 2962 compendia
870 2871 1030 2936 imitatum
1051 2895 1143 2956 esse,
1177 2895 1218 2937 ex
1239 2893 1392 2960 compen-

352 2986 416 3051 diis
448 2984 570 3051 codicis
604 2985 633 3049 G
663 2981 829 3069 colligere·
853 3001 1049 3069 possumus,
1087 2979 1233 3044 codicem
1264 2975 1391 3044 Galesii

350 3093 479 3161 Massae
494 3093 558 3160 Xl.
581 3093 711 3159 demum
726 3091 780 3160 vel
796 3089 876 3157 ΧΠ.
895 3089 1025 3156 saeculo
1039 3087 1198 3178 scriptum
1219 3088 1389 3170 fuissem).

418 3366 464 3431 8⁰)
500 3366 570 3420 Cum
593 3365 617 3418 Θ
639 3374 776 3445 mortuum
801 3366 958 3436 significet,
989 3366 1101 3425 videtur
1122 3367 1284 3424 Scriverius
1307 3367 1390 3424 codi-

350 3475 409 3513 cem
427 3475 465 3513 ex
479 3468 646 3516 testamento
663 3458 814 3514 Wouverii
834 3462 991 3531 accepisse.

418 3554 465 3616 81)
501 3553 537 3610 V.
556 3554 655 3608 folium
681 3554 757 3609 inter
775 3559 969 3629 apographum
988 3555 1134 3613 Arceriani
1158 3560 1202 3626 (p.
1222 3560 1335 3626 1-18)
1361 3566 1390 3615 et

350 3657 459 3703 textum
478 3647 658 3704 Scholianum
678 3649 797 3705 medium
816 3652 993 3720 interjectum
1010 3651 1062 3705 sub
1083 3651 1178 3721 literis
1197 3652 1231 3708 P.
1252 3651 1282 3707 S.

418 3744 464 3804 82)
500 3743 568 3797 Cum
592 3742 621 3796 io
650 3742 785 3800 varietate
807 3744 941 3801 lectionis
965 3745 1136 3816 compendia
1157 3761 1211 3799 non
1235 3744 1389 3802 adnotave-

350 3836 419 3905 rim,
438 3837 592 3900 hocloco,
611 3848 640 3893 ut
659 3855 737 3892 suum
757 3841 859 3908 cuique
878 3840 931 3893 hac
949 3838 985 3894 de
1003 3857 1035 3894 re
1050 3839 1189 3910 judicium
1207 3854 1269 3893 esse
1288 3839 1389 3909 possit,

350 3932 486 3986 nonnulla
503 3949 591 4000 eaque
608 3932 774 4003 gravissima
790 3932 941 4003 adscripsi.
976 3933 1135 3988 Invenimus
1153 3933 1230 3989 borea
1247 3962 1282 3973 -
1300 3934 1391 3989 homi-

352 4043 415 4092 ucs,
439 4024 491 4097 qm'
509 4057 543 4067 —
567 4026 713 4095 quoniam,
740 4031 790 4083 ada
808 4058 840 4068 -
859 4043 1007 4095 numerus,
1027 4023 1148 4083 on‘da'tur
1170 4055 1197 4066 -
1221 4027 1390 4104 ostenditur,
1410 4050 1413 4055 Δ

352 4125 386 4177 cd
406 4150 436 4159 -
455 4137 551 4188 causa,
575 4120 612 4176 b't
632 4152 662 4164 -
682 4124 785 4189 babet,
811 4123 836 4179 d'
839 4132 851 4179 t
871 4155 898 4166 ·-
920 4125 1017 4190 debet,
1033 4121 1252 4178 9valeaceatibua
1272 4152 1304 4162 -
1323 4139 1389 4178 cou-

353 4218 571 4281 valesceotibus‚
595 4220 657 4289 ape'c
675 4246 709 4258 ·-
727 4218 888 4288 speciem
911 4248 941 4260 -
966 4227 1024 4286 est,
1051 4219 1082 4272 έὶ
1100 4241 1131 4256 -
1151 4232 1228 4284 csse,
1253 4211 1338 4272 aed'm
1359 4246 1389 4258 -

352 4323 520 4394 secuudum,
539 4295 626 4407 epm
646 4356 677 4368 -
698 4323 870 4396 appelletur,
890 4323 931 4381 dr'
951 4353 983 4364 -
999 4320 1114 4384 dicitur,
1131 4322 1275 4385 triduam
1293 4349 1321 4362 ··
1335 4320 1390 4378 tri·
