3492 5242
870 619 1328 718 ruo*¹

441 843 513 912 getii
542 853 669 912 tempore
695 848 850 896 castrorum
879 839 1228 933 monitiosnegligebatur
1258 843 1352 912 (Veg.
1381 836 1414 910 Ι,
1440 848 1483 901 tl.

441 940 559 1008 t,1t).-l·
621 941 623 947 ’
654 992 655 995 ,
1220 960 1221 963 ’

408 1217 414 1244 “’
476 1218 478 1221 ’
510 1221 629 1291 Fossa]
663 1221 735 1305 Post
751 1225 830 1289 tonna
847 1232 956 1278 comm
973 1222 1069 1294 posui,
1093 1221 1161 1290 quio
1178 1220 1313 1292 Hyginus
1328 1235 1385 1274 non
1401 1219 1485 1286 dicit,

442 1316 547 1370 lostam
561 1316 626 1370 loco
649 1311 785 1371 securiori
809 1315 874 1370 fieri
893 1316 943 1383 (de
958 1319 989 1384 fil
1007 1315 1212 1388 nuntronio.
1230 1314 1318 1380 lta),
1340 1314 1402 1368 *aed
1425 1314 1504 1394 ἱοε·ι

441 1392 627 1481 sam'sentper
651 1408 732 1475 fieri5
766 1419 797 1465 et
821 1425 881 1464 eam
905 1408 1020 1478 quidem
1052 1406 1286 1464 loco‘securiori
1310 1422 1367 1461 non
1391 1408 1485 1468 muni·

441 1502 543 1572 tionis,
562 1503 612 1559 sad
630 1503 750 1559 tuendas
765 1502 936 1574 disciplinae
953 1517 1051 1558 canna..
1079 1502 1226 1568 Nunquam
1243 1499 1319 1562 enim
1334 1516 1390 1554 non
1408 1501 1485 1558 lassa

441 1597 602 1653 muniuntur
618 1607 724 1666 castra,
741 1597 818 1665 quod
836 1596 952 1675 quando
969 1593 1142 1664 negligitur,
1159 1591 1354 1662 negligentiae
1369 1591 1486 1648 crimini

442 1690 563 1747 uertitur
581 1691 669 1763 (App.
689 1691 724 1745 B.
744 1690 777 1747 G.
794 1693 823 1757 5,
844 1691 917 1756 llo.)
949 1716 952 1721 ·
1002 1720 1005 1725 ·

510 1783 694 1854 Fastigata
711 1782 843 1838 dicitur
860 1783 932 1851 etc]
968 1782 1001 1835 in
1028 1780 1074 1837 liis
1099 1781 1293 1838 correctiones
1315 1792 1346 1838 et
1362 1782 1486 1839 Pontani

442 1888 471 1934 et
488 1877 599 1934 Schelii
618 1878 736 1947 egregie
754 1876 955 1931 confirmantur
972 1875 1038 1928 loco
1055 1875 1186 1955 Caesaris
1198 1877 1234 1932 B.
1249 1877 1285 1932 G.
1300 1879 1326 1939 7,
1340 1877 1382 1934 tn.
1414 1878 1487 1932 Fon-

442 1989 503 2028 eom
519 1973 622 2042 pedum
641 1972 703 2026 XX
719 1972 843 2026 directio·
856 1970 994 2024 loteriius
1012 1969 1108 2032 duxit,
1125 1977 1156 2024 ot
1172 1973 1234 2040 ejus
1252 1972 1345 2025 nolum
1362 1977 1489 2026 tontum·

442 2067 506 2121 dem
521 2072 646 2136 pateret,
673 2072 807 2136 meantum·
822 2081 933 2120 nummo
949 2066 1034 2121 loiro
1045 2064 1204 2120 dietabant.
1247 2064 1411 2132 Quanquam
1430 2066 1489 2120 lnu-

440 2161 488 2227 jus
505 2159 597 2213 fossae
614 2159 726 2230 species
744 2169 774 2216 et
790 2177 807 2214 a
825 2161 957 2231 fastigata
975 2171 1003 2216 et
1020 2175 1038 2214 a
1055 2157 1159 2230 punica
1180 2157 1288 2214 differt.
1335 2157 1383 2211 nd
1402 2174 1489 2212 voca·

443 2252 538 2307 unium
556 2255 693 2325 {caligato
712 2255 748 2308 cl.
761 2255 844 2312 (taes.
860 2255 898 2312 B.
914 2256 947 2310 G.
964 2258 991 2324 2,
1012 2240 1059 2312 ny
1080 2252 1115 2308 B·
1134 2253 1170 2309 G.
1187 2254 1215 2320 2,
1232 2254 1258 2310 8.
1281 2253 1309 2320 4,
1329 2255 1370 2308 1⁷.
1398 2254 1490 2307 Haec

443 2347 546 2417 (tigna)
564 2377 597 2388 -
615 2365 671 2402 non
694 2348 820 2404 tuitione
845 2351 927 2404 modo
950 2352 1075 2405 directae
1099 2350 1138 2404 od
1160 2349 1418 2421 perpendiculum„
1437 2351 1490 2405 aed

441 2458 588 2512 protono
609 2443 762 2514 fastigato,
796 2451 828 2500 ut
849 2448 1000 2501 secundum
1024 2454 1154 2502 uotorum
1177 2445 1308 2510 fluminis,
1322 2446 1489 2516 procumbe}

444 2545 517 2592 rent.
560 2536 620 2590 Pro
637 2538 772 2605 tedotum,
805 2539 882 2606 quod
902 2539 931 2594 in
950 2539 1035 2598 codd.
1054 2549 1108 2607 est,
1138 2539 1288 2607 Rutgers„
1318 2539 1389 2595 Vur.
1410 2539 1489 2596 Lect.

446 2647 474 2700 p.
491 2631 535 2685 52.
554 2629 683 2685 correxit
705 2631 830 2699 titulum,
865 2607 941 2691 unde
965 2635 1075 2707 prodit,
1105 2648 1168 2698 enm
1190 2630 1357 2688 sententiam
1376 2631 1490 2703 Hygini

446 2724 643 2796 concepisse.
1131 2729 1134 2744 ¹

446 2818 469 2859 -’
517 2817 565 2872 nd
590 2820 884 2890 perpendiculum
909 2819 1093 2892 dirigitur]
1128 2818 1275 2874 Gicaes.
1292 2818 1488 2887 astent.

445 2912 472 2973 7,
491 2912 533 2966 ii.
561 2913 588 2977 8,
606 2915 633 2967 9.
675 2913 796 2969 Fossam
814 2916 953 2983 duplicem
977 2917 1077 2986 pedum
1098 2916 1210 2988 quinum
1232 2915 1329 2970 &num
1350 2915 1488 2970 lateribus

445 3002 565 3056 directio
585 3004 716 3072 deprimi.
758 3007 866 3062 haino
890 3007 962 3061 haec
979 3010 1090 3078 species
1108 3009 1201 3064 fossae
1219 3007 1411 3062 nominabatur
1427 3009 1490 3064 sine

308 3123 311 3130 ·
370 3175 372 3181 Α
445 3093 550 3161 dubio,
567 3095 645 3163 quod
663 3112 724 3151 eant
742 3098 881 3153 aPoenis
898 3111 1088 3169 cognoverant
1105 3102 1232 3157 Romani.
1263 3101 1296 3155 ln
1313 3103 1490 3173 agricultura

445 3204 558 3256 quoque
576 3189 757 3247 instrumenta
771 3193 905 3249 nonnulla
920 3180 1027 3263 punico*
1037 3196 1260 3262 nominabantur,
1278 3195 1346 3262 quin
1358 3194 1443 3251 etiam
1459 3195 1488 3249 in

445 3282 499 3336 lrac
517 3299 549 3338 re
568 3284 688 3339 Romani
706 3301 723 3340 a
740 3286 847 3342 Poenis
864 3288 951 3343 multa
969 3288 1137 3345 didicerant.
1180 3289 1229 3345 Sic
1245 3291 1407 3363 ptoatettum
1419 3297 1489 3358 poe-

407 3380 409 3383 ’
446 3379 540 3432 uicum
559 3379 635 3450 apud
654 3378 740 3436 Varr,
758 3380 795 3436 R.
814 3381 850 3435 R.
872 3387 897 3449 1,
916 3385 960 3451 at,
980 3388 1003 3439 1.
1023 3389 1166 3454 fenestrae
1183 3387 1339 3457 pucinanae
1356 3385 1396 3439 ib.
1416 3389 1444 3452 3,
1461 3389 1490 3454 i,

444 3474 471 3529 3.
490 3473 629 3543 puninuno
648 3480 810 3545 coagmenta
829 3474 890 3530 (iat.
910 3479 955 3545 18,
972 3479 998 3533 9.
1015 3478 1080 3533 alia.
1103 3478 1152 3534 cl.
1168 3476 1328 3533 Schneider
1344 3477 1381 3533 ad
1403 3476 1487 3534 Varr.

445 3569 478 3635 3,
497 3570 530 3634 7,
548 3571 575 3624 3.
1190 3580 1196 3601 ·

516 3660 668 3730 Quibus]
700 3662 753 3719 Sc.
771 3664 865 3719 fossis.
915 3686 917 3691 ¹
1145 3718 1148 3726 ,
1421 3733 1423 3737 ¹

516 3754 634 3810 Altum
652 3757 760 3826 pedes
780 3760 863 3827 tres]
899 3748 1000 3814 Altam
1024 3773 1077 3826 pro
1101 3748 1227 3813 altitudo.
1268 3759 1403 3815 Fortasse
1425 3776 1490 3815 cor-

447 3844 597 3932 rigendum
607 3857 675 3918 est:
691 3891 693 3894 a
709 3850 740 3905 in
763 3851 852 3905 altum
868 3851 918 3917 (cl.
938 3849 1013 3918 Veg.
1029 3853 1057 3918 ³,
1078 3853 1118 3906 15.
1145 3851 1258 3923 Lampr.
1275 3852 1342 3910 Seu.
1358 3853 1406 3908 al.
1422 3856 1489 3922 id).

447 3937 642 4009 Suppleudunr
660 3952 703 3998 est
720 3944 789 3999 duri
804 3945 910 4000 debent.
952 3945 1098 4016 ceterum,
1127 3964 1200 4016 qnae
1217 3947 1350 4020 Hyginus
1366 3946 1396 4003 ln.
1413 3947 1435 4002 1.
1454 3947 1491 4002 de

447 4033 598 4089 latitudine
614 4044 698 4103 atque
715 4036 868 4093 altitudine
887 4038 979 4093 fossae
995 4038 1149 4110 praecipit,
1175 4043 1214 4096 ita
1231 4039 1398 4112 accipienda
1415 4050 1491 4106 sunt,

448 4138 480 4185 ut
495 4144 550 4200 pro
567 4127 689 4184 minimis
708 4131 850 4187 mensuris
870 4132 1035 4188 habeantur.
1068 4133 1139 4190 Nam
1156 4136 1250 4190 forme
1267 4133 1431 4203 magnitudo
1451 4132 1491 4190 ita

446 4242 464 4283 a
478 4222 642 4279 conditione
656 4224 796 4294 praesenti
815 4227 932 4297 pendat,
951 4239 981 4284 ut
995 4229 1144 4298 generales
1159 4230 1275 4300 regulae
1286 4230 1322 4285 de
1335 4244 1370 4284 ea
1383 4244 1415 4283 re
1427 4227 1491 4283 dari
