3492 5242
845 682 896 800 12

422 890 487 949 Jom
504 890 644 957 perye'ud
659 889 772 954 doceor,
790 885 890 940 metiar
910 886 1072 952 tractandus
1090 887 1124 941 od
1142 887 1222 943 illis!

493 982 531 1034 Te
549 980 614 1035 eirea
631 981 728 1035 vellem
746 984 858 1033 nostrae
878 994 931 1032 non
949 980 1075 1050 recipisse
1092 998 1199 1037 munuc.

357 1097 437 1164 Siue
466 1097 565 1163 dubio
594 1095 759 1163 Gerardus
789 1091 868 1157 folia
895 1102 1076 1182 postremo,
1117 1121 1200 1186 quoe
1232 1112 1307 1190 post
1338 1070 1396 1169 ros

353 1204 434 1271 lium
470 1204 530 1272 157
565 1215 674 1288 erant,
705 1215 739 1271 ct
774 1205 853 1271 folia
887 1205 1047 1272 nonnulla
1083 1206 1307 1299 imaginesque
1345 1235 1388 1278 ex

354 1315 464 1404 priore
490 1312 614 1379 codicis
643 1323 734 1402 parte
764 1312 954 1380 exsciderat.
1016 1313 1107 1380 Haec
1137 1316 1224 1381 euim
1255 1320 1387 1386 saeculo

349 1422 450 1490 ¹XVI.
474 1408 618 1488 nondum
646 1422 790 1490 defuisse
817 1448 859 1489 cx
888 1425 1075 1512 apographo
1096 1422 1256 1492 Vaticano
1278 1438 1310 1494 ct
1331 1429 1387 1495 Je-

354 1529 455 1615 ueusi
470 1529 648 1618 colligitur.
695 1530 888 1619 Quanquam
909 1539 1033 1596 certum
1054 1542 1121 1616 est,
1152 1556 1194 1599 ne
1221 1545 1290 1602 tum
1314 1539 1387 1627 qui·

354 1639 427 1705 dem
467 1639 611 1705 codicem
652 1648 698 1703 et·
719 1638 861 1727 priorem
898 1637 1059 1728 imprimis
1098 1651 1223 1732 partem
1257 1646 1389 1735 plenam

315 1815 317 1824 .
353 1745 524 1832 fuissem).
1113 1823 1116 1827 ,

437 1859 471 1924 Α
505 1857 651 1924 Gerardo
679 1855 823 1923 codicem
851 1858 977 1948 accepit
1011 1860 1225 1949 Regnorus
1266 1863 1388 1932 Prac-

353 1967 493 2034 dirius
523 1990 610 2033 auno
636 1965 739 2050 1559,
767 1976 803 2029 ut
829 1966 901 2054 ipsc
929 1966 965 2032 in
992 1992 1118 2034 summo
1139 1972 1286 2060 margine
1313 1974 1389 2041 folii

354 2079 393 2145 iu
423 2086 559 2163 testatur
576 2076 639 2158 ²¹).
684 2074 751 2158 Qui
783 2097 856 2139 cum
889 2075 962 2165 ipso
990 2077 1049 2143 illo
1079 2100 1164 2144 anuo
1199 2079 1389 2171 Groningac

243 2237 246 2244 .
351 2199 498 2254 mortuus
521 2185 576 2268 sit,
600 2183 717 2248 Blume
739 2182 852 2248 statuit
865 2185 920 2266 ²²),
943 2185 1089 2251 codicem
1111 2185 1148 2252 iu
1169 2187 1240 2273 cjus
1261 2191 1388 2257 heredi·

352 2296 451 2363 ditatc
476 2293 643 2381 jacuisse,
670 2290 746 2355 dum
778 2288 962 2358 Joauucs
992 2293 1194 2360 Arc'erius
1220 2289 1294 2363 eum
1323 2300 1389 2384 sihi

352 2406 560 2495 comparavit.
604 2402 715 2490 Atque
742 2402 805 2465 hoc
828 2401 960 2490 quidem
988 2413 1075 2468 recte
1098 2403 1169 2471 siue
1191 2405 1290 2473 dubio
1311 2434 1388 2476 con·

351 2529 401 2581 tra
421 2512 639 2582 Niebuhrium
656 2515 698 2585 ²³)
720 2507 833 2573 docuit
854 2507 971 2575 Blume
983 2557 995 2594 ,
1017 2521 1091 2575 aute
1112 2511 1306 2601 Arcerium,
1329 2521 1389 2610 qui

295 2637 297 2640 ’
351 2624 497 2692 codicem
530 2642 615 2687 auno
648 2616 731 2686 1566
761 2615 866 2682 terruit
884 2617 950 2701 ²⁴),
985 2616 1196 2687 Franciscum
1226 2623 1390 2694 Nausium

350 2715 418 2798 nou
439 2729 626 2821 possedisse
649 2725 807 2794 codicem.
852 2724 1041 2821 sedulium
1061 2727 1169 2795 virum
1185 2730 1315 2798 doctum
1337 2735 1388 2802 iu·

318 2885 320 2893 1
350 2842 479 2909 venisse
507 2838 588 2904 milri
610 2836 742 2918 videor,
770 2833 829 2923 qui
851 2832 997 2898 codicem
1025 2850 1102 2925 past
1121 2838 1334 2906 Praediuium
1356 2854 1390 2909 et

351 2961 425 3017 aute
446 2949 620 3016 Ameriam
641 2944 836 3038 possederit.
880 2943 982 3034 Apud
1012 2945 1268 3016 Ludovicum
1300 2951 1390 3021 cuim

402 3251 448 3315 2⁰)
482 3249 583 3303 Biume
601 3249 621 3303 l.
641 3267 666 3302 c.
692 3267 720 3319 p.
738 3252 899 3307 isa-196.
936 3246 1053 3303 Erravit
1073 3248 1175 3303 Blume
1196 3268 1225 3320 p.
1247 3253 1312 3316 182,
1339 3250 1389 3308 ubi

351 3343 483 3413 conjicir',
503 3344 660 3398 Gerardum
688 3345 758 3399 solia
780 3348 932 3402 res-15⁷
950 3361 967 3399 a
984 3344 1095 3411 reliquo
1115 3343 1215 3401 codice
1233 3361 1388 3419 separasse.

353 3440 458 3494 Versus
482 3449 560 3494 certe
582 3441 645 3501 illi,
670 3455 740 3507 quos
766 3441 885 3510 scripsit
908 3441 971 3495 sinc
990 3440 1091 3502 dubio,
1119 3457 1181 3494 cum
1206 3441 1390 3511 inaccessos,

351 3545 382 3588 m
400 3533 528 3588 codicem
548 3534 611 3588 viro
629 3531 740 3587 cuidam
758 3532 843 3587 docto
864 3532 1003 3598 traderet,
1022 3533 1059 3587 ad
1076 3543 1163 3588 cotum
1180 3535 1315 3603 codicem,
1334 3553 1390 3592 non

349 3629 384 3681 ad
404 3640 511 3698 partem
530 3641 696 3699 postremam
714 3638 845 3699 spectare
863 3628 1004 3684 videntur.
1024 3628 1068 3684 01.
1083 3638 1152 3683 nott.
1160 3630 1205 3707 27)
1214 3632 1260 3695 31)
1277 3642 1305 3685 et
1323 3647 1388 3701 pag.

353 3725 385 3778 15
403 3740 466 3791 sqq.

402 3823 448 3887 21)
482 3819 821 3887 ErracBlumep.179,
842 3815 954 3871 uerba:
988 3816 1111 3886 aequari
1133 3834 1204 3872 nunc
1221 3835 1281 3873 rum
1300 3819 1390 3876 Prae-

351 3913 425 3968 diru‘i
445 3916 520 3969 1559.
539 3912 657 3967 infolio
676 3911 713 3965 11)
731 3910 842 3985 scripta
859 3923 922 3967 esse
940 3923 1065 3965 narrans.

402 4009 446 4069 2⁶2)
483 4027 511 4078 p.
533 4008 590 4062 1811.

401 4104 449 4166 13)
485 4100 631 4155 Rauriscde
651 4099 828 4168 Gerods‘cdre,
846 4101 879 4166 2,
897 4100 950 4155 55⁰
967 4097 1037 4156 edir.
1057 4098 1080 4153 1.

402 4197 448 4262 11)
483 4195 516 4249 ln
545 4196 614 4250 solio
635 4200 666 4251 la
684 4199 750 4260 (uon
773 4195 802 4250 iu
821 4195 893 4250 folio
911 4194 963 4260 ab,
989 4203 1021 4248 ut
1044 4204 1139 4249 narrat
1156 4196 1256 4251 Biume
1280 4214 1306 4269 p.
1331 4201 1393 4260 179)

352 4290 457 4361 scripta
474 4300 538 4345 suut
556 4291 658 4345 verbo:
680 4294 718 4347 Aa
735 4310 805 4348 oure
823 4290 943 4348 Jooom'e
964 4287 1082 4344 Arcerii
1103 4291 1177 4347 1566.
