3492 5242
841 676 923 754 lou

363 882 488 936 Prorsus
500 864 646 935 assentior
665 879 810 944 Schelio,.
829 876 878 946 qui
901 879 936 932 63
958 876 1046 946 pedes
1064 876 1170 945 strigae
1185 877 1226 931 ita
1244 875 1400 940 distribuit,
1497 879 1500 887 ’

362 987 393 1028 ut
412 975 543 1042 utrinqne
557 975 620 1029 ‘seni
640 975 708 1046 padi
731 971 1029 1040 audierelinquantur,
1057 983 1209 1038 sequautur
1231 971 1267 1025 ab
1285 980 1400 1038 utraque

363 1079 446 1140 parte
464 1069 596 1139 deinceps
615 1069 791 1141 papiliones,
811 1083 901 1130 arma,
924 1071 1065 1137 jumenta,
1090 1065 1129 1120 ita
1147 1076 1177 1120 ut
1191 1068 1313 1134 jumenta
1332 1079 1400 1124 con·

362 1163 441 1231 tigua
458 1164 514 1217 sint
531 1165 579 1229 (cl.
600 1164 654 1218 tab.
675 1170 705 1229 l,
725 1166 774 1233 fig.
795 1166 840 1232 l.).
884 1162 1077 1231 Itaquarinter
1094 1161 1163 1240 duas
1181 1157 1301 1228 strigas,
1327 1172 1400 1225 quae
1513 1223 1517 1233 ‘

362 1255 407 1309 via
433 1256 572 1310 vicinaria
598 1274 653 1311 nou
681 1258 867 1319 dirimuntur,-
904 1256 1028 1312 efficitur
1051 1256 1099 1309 via
1123 1254 1225 1324 pedum
1246 1254 1286 1306 13.
1340 1249 1399 1304 Ubi

360 1351 448 1416 striga
474 1350 611 1417 quaedem
635 1354 670 1405 ad
698 1354 772 1407 viam
797 1353 977 1418 vicinarum,
1013 1350 1186 1418 angularem,
1221 1345 1400 1399 intervallum

359 1442 481 1511 adjacet,
509 1445 554 1498 luis
571 1425 732 1501 accrescunt
744 1450 768 1502 ,g
785 1446 830 1500 illi
848 1445 937 1515 pedes
957 1443 1049 1498 vacui.
1090 1443 1293 1510 computantur
1311 1448 1400 1492 autem

359 1537 390 1588 lui
413 1537 499 1607 pedes
516 1539 546 1591 in
564 1538 713 1606 strigarum
740 1537 875 1609 pedibus,
905 1545 936 1589 ut
954 1551 1049 1588 earum
1068 1533 1162 1588 ubivis
1186 1531 1261 1586 idem
1285 1531 1323 1584 sit
1341 1546 1400 1583 mo-

358 1629 451 1682 dulus.
495 1631 539 1684 Ea
556 1632 619 1684 sole
636 1632 758 1691 ratione,
786 1631 1030 1699 quamsclrelium
1050 1625 1317 1698 secutusexposui,
1348 1641 1399 1678 err·

359 1723 493 1791 plicatur,
529 1739 580 1776 cur
600 1724 667 1777 bins
690 1725 801 1778 demum
820 1725 994 1793 semistrigie
1016 1734 1103 1779 totum
1129 1722 1245 1789 aliquod
1263 1719 1398 1774 efficiant.

356 1817 537 1886 Semistrigia
561 1829 668 1880 autem,
694 1821 720 1874 si
738 1837 838 1874 nomen
857 1823 1012 1875 transferre
1030 1820 1098 1874 licet
1117 1819 1148 1872 in
1171 1815 1399 1898 dinochastato·

356 1928 418 1964 rum
437 1924 465 1967 ct
483 1913 655 1983 principum,
674 1915 837 1969 triariorum
855 1929 885 1971 et
903 1916 1042 1984 equitum,
1059 1918 1114 1983 jam
1127 1913 1250 1984 Polybii
1272 1923 1399 1983 tempore

355 2020 457 2060 eversa
474 2006 550 2063 inter
566 2025 597 2061 se
615 2019 695 2062 erant
712 2009 789 2075 (Pol.
809 2012 835 2072 6,
855 2011 962 2065 1301.
990 2009 1102 2065 Klenne
1122 2012 1202 2075 nu).
1304 2044 1307 2052 »

418 2090 518 2155 >Haec
543 2101 715 2170 pedatura
740 2101 781 2154 ad
805 2102 940 2171 plenam
966 2102 1160 2157 centuriam
1188 2111 1237 2156 est
1264 2116 1397 2171 compu·
1491 2120 1499 2130 ·

356 2193 437 2259 teta]
449 2237 451 2243 .
464 2196 547 2248 Hunc
564 2196 658 2248 locum
676 2192 829 2262 exscripsit
848 2195 929 2249 Gaea
944 2195 973 2249 in
992 2196 1055 2250 lnd.
1072 2212 1093 2250 s.
1114 2213 1140 2250 u.
1159 2197 1306 2263 pedatura.
1343 2197 1397 2250 Pe·
1436 2238 1438 2242 ⁴

354 2292 475 2353 datura,
504 2305 561 2356 qua
578 2306 647 2343 voce
665 2288 831 2358 saepissime
850 2287 946 2341 utitur,
956 2288 1117 2359 Hyginus„
1131 2304 1223 2343 arcem
1242 2288 1396 2357 siguificat,

354 2384 434 2448 cujus
458 2383 545 2452 pedes
562 2398 819 2451 mensoremensus
843 2392 894 2437 est.
934 2383 1062 2450 Pedere,
1094 2383 1170 2449 quod
1195 2382 1310 2436 verbum
1335 2381 1402 2437 siue·
1447 2362 1451 2374 “

355 2474 493 2529 dubioiu
513 2459 659 2543 uenerat,
688 2468 872 2548 significabat
895 2496 991 2534 aream
1010 2479 1047 2532 ud
1068 2478 1154 2547 pedes
1171 2477 1291 2531 snrslirs'.
1336 2475 1395 2542 Pro

352 2573 505 2642 pedatura,
524 2572 599 2636 quod
618 2573 759 2638 invenitur
774 2571 856 2626 etiam
876 2573 951 2641 apud
969 2571 1101 2625 Frontiu,
1116 2570 1154 2624 de
1171 2571 1233 2627 col.
1253 2572 1312 2625 113.
1333 2573 1395 2644 119.

355 2668 414 2720 133.
432 2656 622 2730 aliosque'rei
639 2665 768 2732 agrariae
785 2663 940 2733 scriptores
957 2675 987 2720 et
1004 2663 1156 2731 Vegetium
1173 2668 1199 2732 3,
1218 2667 1245 2719 8.
1276 2663 1396 2719 'Cassio-

354 2761 413 2814 dor.
436 2761 504 2816 Var.
523 2761 551 2825 5,
568 2761 609 2824 9.,
636 2759 793 2829 podismum
808 2755 910 2811 v(licant
927 2756 1026 2810 Frout.
1048 2758 1110 2814 130.
1137 2758 1211 2825 Veg.
1232 2759 1258 2819 2,
1277 2761 1302 2812 7.
1320 2760 1348 2824 3,
1366 2759 1393 2811 8.

356 2856 518 2910 canturium
533 2862 624 2906 autem
637 2851 741 2924 scripsi
757 2870 811 2924 pro
821 2854 971 2924 legionem,
990 2849 1058 2918 quia
1072 2851 1220 2906 manifesto
1234 2867 1288 2904 aon
1306 2850 1342 2905 de
1353 2852 1395 2906 le-

353 2947 448 3015 gionis
466 2946 515 3000 sed
535 2946 572 2999 de
588 2945 732 3000 centuriae
750 2945 887 3014 pedatura
905 2949 1012 3013 agitur,
1033 2956 1062 3000 et
1078 2957 1176 3000 auctor
1194 2945 1394 3014 hisrerbisxud

353 3041 502 3111 superiora
519 3041 590 3094 illas
603 3066 604 3069 ¹
616 3041 704 3094 Plena
723 3039 953 3095 centurialiabei
968 3041 1075 3095 militas
1094 3039 1209 3096 LXXX
1230 3022 1393 3096 revertitur.

352 3135 453 3203 Neque
466 3135 544 3206 anim
564 3136 702 3204 legionem
719 3132 762 3187 ita·
776 3133 916 3203 explicari
943 3144 1049 3202 potest,
1079 3135 1236 3189 utdictum
1254 3135 1293 3190 sit
1309 3137 1394 3204 plena

351 3230 427 3298 legio
449 3242 502 3297 pro
526 3217 653 3285 sestario
676 3230 776 3298 plenus
799 3228 934 3303 legionis,
971 3241 1056 3293 quam,
1076 3228 1293 3296 explicationem
1311 3227 1393 3294 sequi

351 3323 458 3380 Schele
485 3321 573 3376 tutius
594 3322 731 3387 ducebat,
764 3334 846 3386 quam
867 3321 1206 3393 centuriamssorrigere,
1238 3336 1393 3388 quanquam

350 3419 411 3488 ipse
437 3416 582 3486 praeclare
601 3414 725 3480 viderat,
756 3408 845 3469 ortam'
856 3426 932 3495 >esse
951 3396 1046 3469 vocem
1063 3429 1100 3466 ex
1119 3414 1191 3469 male
1214 3413 1394 3492 intellectae

350 3510 472 3566 librario
486 3511 577 3578 signo
593 3509 642 3580 7,
675 3510 752 3577 quud
772 3509 847 3583 inira
862 3511 910 3571 15.
932 3514 1038 3569 revera
1054 3525 1107 3577 pro
1132 3507 1246 3576 legione
1271 3507 1394 3585 positum

351 3592 414 3670 est,‘
431 3620 587 3673 quanquam
598 3603 728 3670 reliquis
746 3601 821 3656 locis
837 3611 888 3657 eut
905 3602 1060 3664 centuriam
1078 3613 1127 3658 aut
1145 3603 1336 3670 centurionem
1353 3604 1393 3665 si·

350 3697 468 3768 gnificat
485 3698 534 3763 (cf.
552 3699 587 3751 ad
606 3699 690 3762 lut..
719 3699 904 3767 Compruands'
927 3698 1042 3753 verbum
1060 3701 1096 3755 eb
1115 3700 1234 3771 Hygino
1256 3700 1295 3755 ita
1312 3716 1393 3758 naurs

350 3805 448 3864 parur,
484 3803 515 3846 ut
534 3794 722 3863 autsimplex
743 3793 884 3862 objectura
906 3797 1058 3862 regattlo.
1076 3799 1122 3852 31.
1137 3797 1179 3851 31.
1199 3798 1243 3853 35.
1262 3797 1306 3854 36.
1323 3797 1391 3865 lu),
1435 3843 1438 3845 .

349 3899 396 3943 aut
412 3887 551 3958 pedatura
568 3889 723 3960 computari
741 3889 857 3946 dicatur
874 3889 911 3946 ad
929 3889 1117 3958 homiues.(ut
1133 3893 1161 3946 lr.
1181 3892 1199 3945 l.
1218 3901 1250 3947 et
1265 3893 1317 3960 4.),
1341 3901 1392 3948 aut

350 3998 418 4052 pars
444 3982 583 4050 quaedam
608 3984 760 4056 copiarum
778 3999 895 4042 numero
923 3988 1033 4043 incerta
1055 3986 1093 4041 sd
1112 3995 1223 4043 certum
1245 4004 1390 4054 numerum
1490 3989 1491 3994 ’

350 4077 596 4142 01130133).
638 4154 641 4158 Δ
729 4152 731 4155 Ι
1158 4092 1160 4097 ·
1280 4081 1284 4089 ’
1330 4127 1333 4131 ,

418 4168 470 4223 Ex
486 4169 628 4238 quibus]
663 4171 744 4229 Aust
770 4173 901 4242 Hyginus
926 4185 994 4245 post
1021 4176 1170 4233 collectiva
1200 4173 1388 4234 conauuctioe

349 4276 426 4331 uera,
444 4278 533 4331 quau
551 4264 651 4322 dicunt
671 4265 870 4339 adeam-ms.
896 4267 1048 4329 Sicrmoxs
1063 4324 1066 4330 ,
1084 4271 1244 4342 stapulas
1265 4271 1388 4327 must.
