3492 5242
858 655 910 732 15

365 857 560 924 Miraenm
590 859 745 948 Lugduni
774 881 809 924 se
837 854 1012 946 aliquando
1031 859 1152 926 vidisse
1181 861 1301 928 libram
1320 880 1407 952 gro-²

364 969 517 1033 maticnm
548 980 684 1036 testatm
704 971 823 1053 Petras
843 969 1001 1035 Pithoeus
1029 971 1077 1035 in·
1094 971 1200 1055 libro,
1235 974 1294 1063 qui
1315 996 1400 1039 anno
1450 1000 1474 1031 υ

366 1077 450 1146 1565
484 1078 591 1144 editos
620 1091 671 1146 est
681 1079 749 1157 15).-
769 1080 895 1176 -Atqni
915 1080 1089 1146 Pithoeum
1117 1078 1248 1147 aliunde
1278 1082 1399 1147 scimus

364 1187 478 1252 codice
498 1185 679 1254 Arest-iano
707 1211 802 1254 usum
831 1212 916 1254 esse.
971 1187 1088 1255 Varias
1117 1189 1204 1254 enim
1227 1188 1399 1255 Arcas-iani

364 1293 521 1361 lectiones
548 1297 590 1362 ad
614 1299 793 1385 marginem
821 1299 1016 1389 exemplaris
1043 1297 1196 1364 editionis
1218 1297 1398 1363 Tur-nebia·

365 1426 429 1486 nae
450 1403 719 1491 agrimensorem,
742 1406 831 1496 qnod
849 1407 885 1471 in
907 1400 1104 1474 bibliotheca
1124 1405 1276 1471 Parisios
1297 1430 1398 1473 asser·
1458 1459 1460 1471 .

363 1521 469 1596 vatur,
493 1512 668 1596 adnotavit,
691 1536 840 1604 quaeque
859 1514 900 1580 ad
921 1515 1072 1604 paginam
1089 1514 1145 1581 75.
1160 1513 1232 1600 ejus
1245 1513 1407 1580 editionis-

362 1620 404 1684 de
424 1621 538 1687 codice
560 1645 620 1687 suo
644 1628 776 1703 narrat,
798 1632 956 1709 quantum
975 1622 1118 1713 perspici
1139 1632 1267 1712 potest,
1288 1622 1324 1687 in
1346 1645 1398 1688 co·

362 1725 467 1793 dicem
489 1728 706 1794 Ameriannm
729 1727 949 1817 quadrant²⁶).

445 1836 528 1901 Post
555 1836 715 1903 Miraeum
744 1835 847 1923 igitur
879 1834 1024 1903 codicem
1053 1837 1180 1927 accepit
1215 1837 1238 1905 J
1244 1862 1397 1904 oannes

360 1946 563 2011 Accerius
585 1969 669 2013 anno
691 1943 785 2013 1566.
831 1945 907 2030 Quo
929 1947 1043 2012 habitu
1064 1948 1167 2015 codex
1189 1971 1229 2014 eo
1249 1956 1396 2039 tempore

360 2053 481 2138 fuerit,
503 2077 568 2143 qno
590 2054 749 2128 Arcesius
770 2077 844 2119 enm
866 2055 1013 2144 possedit
1022 2059 1082 2140 ²⁷),
1104 2081 1144 2122 cx
1164 2057 1308 2123 numeris
1330 2057 1395 2122 Ro·
1490 2093 1491 2096 ¹

359 2163 466 2229 manis
488 2163 602 2252 colligi
622 2174 749 2253 potest,
770 2165 891 2256 quihus
912 2165 992 2234 folia
1012 2166 1136 2233 codicis
1158 2166 1284 2254 signata
1305 2176 1393 2232 sunt.

361 2271 447 2338 Cum
468 2272 555 2338 enim
577 2272 663 2339 tet-oi
683 2275 719 2339 in
740 2272 882 2363 singulis
903 2273 994 2346 soliis
1025 2275 1232 2344 inveniantur
1254 2275 1394 2360 numeri,

412 2474 457 2532 15)
492 2474 573 2530 Petri
601 2476 715 2531 Pithoei
742 2477 908 2533 adversario
932 2476 1078 2530 subseciva
1105 2475 1180 2531 1555.
1206 2475 1235 2540 1,
1258 2475 1297 2528 tt.
1341 2474 1394 2530 Oui

357 2571 438 2622 locos
454 2568 594 2623 Blaminm
614 2570 721 2638 fugisse
740 2570 861 2626 videtur.

411 2660 457 2732 Ι16)
492 2665 536 2721 cf.
555 2665 658 2719 Blume
676 2682 703 2735 p.
721 2666 773 2721 2⁰5
790 2679 848 2727 sm,
877 2662 1033 2732 quitamen
1053 2665 1114 2734 ipse
1131 2681 1164 2719 eo
1191 2663 1331 2720 inclinare
1352 2665 1394 2718 vi-

357 2759 455 2824 detur,
482 2769 512 2812 ut
530 2758 622 2812 varias
641 2760 706 2813 ilias
723 2759 858 2815 lectiones
877 2776 930 2813 non
951 2776 988 2813 ex
1007 2759 1070 2829 ipso
1088 2757 1260 2822 Arceriano,
1289 2758 1338 2813 sed
1358 2775 1395 2812 ex

357 2853 523 2924 apographo
539 2852 656 2907 Jenensi
675 2853 773 2908 ductas
791 2851 1027 2919 esse.existimet;
1052 2868 1108 2920 qna
1126 2852 1162 2904 de
1180 2868 1212 2905 re
1235 2867 1314 2907 scens
1337 2862 1394 2906 sta-

315 2961 320 3011 j
353 2959 423 3012 tuo,
442 2948 509 3016 quia
528 2947 557 3000 in
577 2962 675 3016 apogr.
693 2949 810 3002 tenensi
829 2947 974 3019 Simplicii
992 2963 1092 3002 nomen
1110 2965 1164 3002 non
1183 2957 1293 3014 exstat,
1318 2948 1394 3015 qnod

356 3039 496 3116 Pithoeus
514 3042 664 3097 secundum
683 3060 726 3108 ea,
745 3059 816 3110 quae
833 3042 869 3095 ad
889 3058 953 3111 pag.
964 3044 1006 3100 75.
1017 3040 1170 3109 adnotavit,
1187 3041 1217 3095 in
1231 3059 1282 3096 suo
1297 3041 1395 3097 codice

355 3136 491 3190 habuisse
508 3135 630 3191 videtur.
667 3137 796 3204 Ceterum
815 3154 869 3191 non
889 3138 1005 3199 reticeo,
1023 3135 1289 3204 argumentationem
1309 3152 1395 3190 meam

356 3245 412 3282 non
429 3244 490 3283 esse
508 3241 561 3283 tam
580 3229 702 3296 firmam,
730 3243 759 3284 nt
777 3231 897 3298 infringi
915 3246 970 3282 non
991 3229 1083 3298 possit
1099 3229 1275 3282 accuratiore
1292 3229 1393 3283 notitia

355 3323 465 3378 codicis
489 3323 657 3394 Leydensis.
692 3323 770 3378 Fieri
796 3324 869 3377 enim
892 3322 1000 3393 potnit,
1024 3333 1053 3378 ut
1075 3323 1164 3390 hane,
1188 3339 1242 3375 oon
1263 3321 1392 3375 Ameria-
1499 3350 1503 3359 «

355 3435 436 3484 nam,
455 3417 615 3487 possideret
631 3419 766 3473 miraeus.
1289 3476 1292 3481 ⁴
1389 3473 1393 3483 ,

405 3513 452 3576 17)
487 3509 622 3566 Possedit
652 3520 742 3564 antem
778 3519 863 3564 totum
892 3511 1027 3566 codicem.
1078 3512 1148 3566 Nam
1183 3511 1253 3565 folia
1279 3528 1393 3580 qnoque

355 3606 518 3672 las-157,
540 3621 612 3672 qnae
637 3620 675 3657 ex
697 3603 806 3658 Blumii
830 3606 968 3660 sententia
996 3609 1035 3670 (v.
1056 3615 1112 3660 not.
1131 3609 1181 3670 2⁰)
1205 3622 1239 3659 eo
1265 3615 1391 3676 tempore

353 3716 371 3754 a
400 3698 511 3767 reliquo
545 3680 645 3752 codiee
682 3710 814 3767 separata
842 3712 937 3768 erant,
960 3697 1004 3753 ¹in
1035 3699 1150 3752 Arcerii
1180 3700 1308 3754 manibus
1348 3702 1390 3754 sn·

353 3791 412 3846 isse
437 3791 506 3846 inde
528 3791 679 3862 probatura
703 3791 778 3857 quod
806 3791 968 3848 Scriverius
991 3792 1091 3863 (praef.
1119 3792 1153 3845 ad
1177 3793 1340 3863 scriptores·
1355 3793 1390 3847 dc

353 3900 385 3938 re
409 3884 480 3951 mil.)
504 3901 541 3938 ex
566 3884 629 3939 cod.
647 3887 713 3937 Arc.
737 3899 769 3937 se
794 3885 900 3954 petisse
919 3885 1003 3953 dicit,
1030 3902 1103 3953 qnae
1125 3898 1189 3956 post
1207 3886 1257 3944 fol.
1279 3890 1328 3942 115
1348 3889 1389 3943 le-

352 3988 467 4046 guntur.
503 3975 637 4039 Accedit,
663 3954 741 4042 quod¹
763 3977 896 4048 Lipsius,
924 3977 972 4047 qui
997 3978 1124 4034 codicem
1142 3979 1327 4035 Arcerianum
1356 3999 1390 4036 eo
1483 4027 1484 4030 ,

351 4081 479 4141 tempore
501 4071 608 4126 viderit
629 4085 746 4125 neccsse
767 4081 825 4136 est,
849 4087 905 4137 qno
929 4071 992 4141 ipse
1009 4071 1144 4126 Arcerius
1163 4090 1226 4128 enm
1250 4075 1387 4144 possedit,

351 4177 439 4224 totam
464 4163 589 4220 codicem
615 4175 680 4219 ante
697 4165 804 4232 ¹oculos
831 4165 937 4220 habuit.
973 4166 1065 4223 Elect.
1085 4171 1119 4233 l,
1138 4171 1180 4224 15.
1218 4169 1260 4224 ct.
1287 4170 1387 4227 Biante

350 4275 379 4328 p.
401 4261 452 4314 180
468 4273 511 4325 sq.
