3492 5242
826 586 999 713 m

351 841 430 896 ciunt
447 839 670 903 Flaminicomtm
687 838 792 907 cepitis
810 844 1016 904 ornamentum,
1040 839 1113 910 quod
1128 841 1179 906 fiet
1195 837 1267 894 uitta
1283 854 1391 909 pnrpu-

350 951 402 990 reo
429 934 531 1000 innexo
557 933 683 990 crinibus
709 940 736 987 et
762 940 934 990 exstructum
964 935 996 989 in
1022 935 1205 996 altitudinem·
1260 935 1390 1005 Quidam,
1414 937 1416 941 ‘

349 1027 451 1098 pileum
469 1020 592 1080 lunatum
609 1027 704 1092 formo
722 1025 820 1079 metali
837 1029 1000 1098 ficarolum,
1020 1045 1072 1098 quo
1085 1027 1226 1082 Flamines
1243 1044 1278 1082 oc
1290 1029 1390 1084 Ponti·

350 1124 416 1188 ficet
432 1124 560 1185 utuntur,
577 1121 671 1174 eodem
688 1118 799 1172 nomine
809 1119 924 1179 uocari.
960 1121 1078 1177 Ennium
1102 1120 1249 1191 filiisque,
1266 1125 1391 1190 fictores,

267 1271 273 1277 ,
350 1228 471 1283 orpaeos
496 1211 739 1281 [et'tmulotos].“
779 1212 879 1268 Plauc.
899 1214 984 1284 Fulg.
1004 1233 1032 1287 p.
1051 1217 1112 1275 39⁰·
1136 1214 1270 1270 Gerlach.
1298 1218 1392 1272 Nemo

349 1324 417 1362 oeco
435 1305 590 1376 Pompilius
614 1305 725 1377 etipse
749 1308 785 1362 de
801 1308 1015 1376 Pontificotilms
1037 1310 1162 1364 scribens
1187 1311 1305 1364 tutulum
1329 1311 1393 1366 dici

350 1403 393 1457 oit
409 1399 544 1470 pallium,
571 1416 623 1469 qno
641 1400 805 1454 sacerdotes
821 1408 905 1472 capnt
922 1403 1058 1469 tutabant,
1085 1419 1147 1456 com
1163 1404 1201 1458 od
1216 1402 1392 1469 sacrificium

351 1497 561 1560 accessissent..
583 1493 630 1548 Ex
647 1495 701 1549 hoc
718 1496 849 1552 vocabuli
867 1498 964 1552 titulus
982 1513 1032 1553 usu
1051 1506 1183 1567 apparet,
1201 1495 1303 1550 fossam
1320 1511 1390 1564 quo·

346 1581 408 1660 'que
434 1591 544 1646 titolum
572 1589 710 1647 nominari
736 1592 870 1663 potuisse.
901 1592 988 1648 Quod
1013 1606 1169 1661 quanquam
1194 1589 1310 1645 aliunde
1336 1605 1392 1644 uon

351 1693 477 1752 constat,
513 1697 569 1735 nou
590 1693 683 1738 tamen
701 1685 984 1756 'praetermittendum
1005 1696 1061 1747 est,
1097 1686 1173 1752 quod
1191 1684 1299 1765 Tibull.
1318 1686 1344 1753 4,
1365 1688 1392 1752 l,

351 1777 395 1833 83.
413 1777 519 1831 fossam
537 1785 690 1830 castrorum
707 1783 794 1833 tetum
813 1777 943 1833 nominat.
972 1778 1057 1848 Apud
1076 1793 1218 1854 mensores
1235 1778 1311 1833 titali
1325 1787 1394 1833 suut

352 1867 474 1939 lapides.
498 1867 536 1924 V·
553 1867 612 1924 Sic.
631 1868 676 1922 ΕΙ.
695 1869 723 1926 9.
755 1870 851 1923 Elium
873 1871 971 1925 titulos
987 1871 1076 1938 finitis
1097 1871 1199 1942 spatiis
1215 1865 1325 1940 positos
1341 1871 1393 1926 lc·

352 1967 430 2032 dent,
459 1964 506 2033 qui
523 1962 662 2028 indicent,
691 1965 769 2031 cujus
788 1963 855 2031 apri
872 1964 934 2032 quis
952 1964 1095 2030 dominus,
1108 2013 1110 2020 .
1121 1966 1193 2034 quod
1208 1964 1330 2035 spatium
1349 1973 1394 2020 tn·

352 2064 441 2113 eatur.
473 2055 519 2111 cf.
538 2055 580 2112 ib.
600 2056 659 2110 148.
713 2054 973 2134 commemorantur
998 2058 1075 2112 tituli
1101 2068 1247 2128 praeterea
1271 2057 1311 2111 ib.
1329 2061 1393 2136 lid.

352 2154 413 2209 147.
432 2154 492 2209 252.
509 2155 572 2208 2⁷1.
618 2151 723 2205 Nostro
742 2151 808 2206 loco
826 2150 930 2207 Schsls
954 2161 1081 2205 neutrum
1104 2166 1193 2220 genus
1211 2152 1241 2205 iu
1258 2152 1394 2208 masculi·

352 2262 417 2300 uum
441 2245 566 2301 mutarit.
612 2243 671 2300 Sed
694 2252 822 2299 neutrum
846 2251 1004 2313 suspectum
1028 2254 1168 2299 essenon
1194 2255 1316 2317 potest,
1337 2263 1394 2303 nec

353 2339 534 2396 masculinum
565 2337 754 2398 commendari
780 2336 864 2392 debet
892 2346 1027 2406 corrupta
1053 2338 1181 2395 codicum
1214 2339 1244 2396 in
1267 2356 1328 2412 par.
1346 2344 1393 2400 5⁰.

353 2436 485 2493 lectione.

838 2607 904 2656 ὅθ.

426 2723 563 2780 Vallum
590 2723 667 2776 loco
691 2720 912 2791 suspectiori
938 2718 1055 2774 extrui
1082 2720 1205 2788 debet}
1235 2721 1314 2775 llaec
1337 2736 1397 2775 nou

355 2828 420 2876 sunt
438 2819 477 2875 ita
502 2819 706 2888 intelligenda,
741 2815 834 2885 quusi'
848 2815 926 2870 dicat
943 2815 1090 2887 Hyginus,
1126 2818 1229 2871 vallum
1252 2834 1307 2872 nou
1329 2817 1402 2873 fieri

354 2913 411 2968 nisi
444 2914 510 2968 loco
535 2912 716 2983 suspectiori.
769 2911 841 2964 Nem
866 2921 897 2964 et
922 2909 997 2962 vallo
1023 2920 1052 2965 et
1077 2911 1152 2966 fossa
1173 2923 1283 2982 semper
1306 2924 1398 2967 castra

356 3007 527 3071 muniuntur.
583 3007 704 3060 Prorsus
726 3002 872 3071 singulare
894 3001 1053 3071 exemplum
1071 3012 1127 3070 est,
1163 3004 1239 3072 quod
1262 3004 1399 3061 exhibuit

356 3101 437 3156 (lass.
456 3100 491 3154 B.
511 3100 543 3155 G.
562 3102 589 3168 1,
606 3101 649 3155 41.
692 3098 815 3156 Videtur
833 3097 967 3168 Hyginus
986 3108 1131 3168 aggestum
1148 3109 1256 3188 terrae,
1280 3101 1330 3169 qui
1350 3100 1396 3156 vel

273 3233 275 3236 ψ
353 3196 384 3250 iu
410 3193 534 3249 minimis
559 3194 652 3249 fossae
679 3191 817 3249 mensuris
842 3190 1013 3246 intrinsecus
1038 3193 1145 3261 oritur,
1181 3207 1236 3246 uon
1262 3193 1398 3249 habuisse

355 3307 408 3361 pro
418 3294 497 3360 justo
517 3288 600 3343 vallo.

386 3382 390 3388 ’
423 3385 569 3457 Cespite
596 3395 654 3440 aut
678 3382 819 3455 lapids,
850 3399 936 3438 saxo
961 3383 1037 3462 sire
1058 3382 1246 3451 caemento]
1279 3380 1397 3451 cespite

355 3482 458 3536 vallum
476 3489 649 3558 exstructum
666 3477 787 3547 legimus
804 3478 879 3550 apud
899 3479 979 3534 Caes.
993 3479 1027 3534 B.
1042 3478 1077 3534 G.
1094 3480 1121 3541 5,
1137 3479 1180 3534 42
1205 3477 1247 3532 (ll.
1260 3477 1295 3530 B.
1311 3475 1396 3547 llisp.

307 3592 310 3598 “
354 3577 398 3632 32.
426 3574 502 3646 Veg.
523 3578 548 3641 l,
567 3575 610 3630 nt.
627 3577 654 3641 3,
672 3576 698 3632 8.
735 3574 840 3642 cespes
857 3581 949 3628 autem
966 3573 1193 3638 circumciditur,
1212 3581 1242 3626 ut
1258 3569 1301 3626 ait
1318 3571 1396 3638 Veg.

291 3665 293 3667 ’
353 3674 381 3738 3,
399 3674 440 3739 8.,
462 3670 658 3738 ferramentis,
680 3667 729 3738 ptri
744 3666 896 3722 laetiorum
913 3666 1058 3721 codicibus
1077 3665 1199 3721 continet
1216 3652 1338 3720 terrums
1365 3667 1397 3732 fit

355 3767 431 3820 ultus
449 3765 631 3834 semipedem,
657 3765 731 3818 tates
746 3763 862 3831 pedem,
887 3763 987 3830 longus
1001 3763 1095 3830 pedem
1113 3762 1207 3816 semis.
1235 3760 1278 3816 Gl.
1296 3761 1397 3816 Festus

355 3875 378 3913 s.
398 3875 423 3910 v.
441 3875 470 3929 p.
487 3860 529 3913 45.
565 3859 744 3914 coementum
761 3871 817 3909 nou
836 3864 881 3909 est·
894 3855 984 3921 idem,
1005 3854 1080 3922 quod
1098 3871 1197 3910 sonum
1215 3853 1263 3922 (de
1280 3855 1339 3910 eive
1357 3855 1395 3909 si.

355 3970 384 4024 p.
404 3953 485 4019 wll).
537 3951 642 4008 Saxum
661 3961 703 4007 est
724 3951 799 4023 lapis
818 3950 940 4017 solidus,
977 3959 1145 4004 caementum
1170 3960 1267 4021 cuutra
1284 3947 1398 4020 lapides

355 4064 393 4100 ex
420 4044 576 4115 lapicidina
601 4047 677 4101 caesi
701 4061 749 4104 aut
775 4051 858 4103 etiarn
883 4047 1048 4103 decidentes
1073 4062 1110 4100 ex
1137 4045 1228 4100 caesis
1252 4043 1398 4115 lapidibus

356 4138 518 4211 majoribus.
546 4139 589 4195 cf.
607 4140 720 4196 vitruv.
740 4145 766 4210 l,
784 4146 809 4199 5.
831 4145 857 4211 2,
877 4145 902 4198 t.
929 4144 956 4209 8,
973 4145 999 4198 8.
1034 4142 1144 4196 Nouius
1161 4157 1188 4210 p.
1205 4142 1248 4198 84.
1276 4138 1350 4208 Veg.
1369 4141 1398 4206 4,

357 4236 398 4291 19.
429 4232 808 4300 sslmss.,us.1³n·o.ms.
1168 4232 1169 4239 '
