3492 5242
911 654 993 731 190

436 861 541 951 Schele
558 858 588 912 in
611 855 832 926 interpretandis
849 855 896 910 lris
914 858 1012 913 verbis
1029 869 1057 914 et
1074 858 1256 916 emendandis
1274 861 1385 915 staura.
1397 861 1480 916 labo·
1523 856 1525 867 '

436 956 530 1022 rabat,
549 968 611 1007 cnm
630 966 663 1005 ea
681 967 744 1005 curn
762 951 946 1019 sequentibus
963 959 1155 1024 conjungeret

851 1087 854 1091 ’
926 1123 992 1174 oo.

503 1245 569 1300 uui
587 1230 705 1299 solent
721 1255 756 1299 et
773 1244 1035 1314 quinquagenis
1053 1245 1261 1313 homiuibus]
1286 1245 1333 1299 De
1351 1247 1401 1316 qui
1416 1256 1481 1316 post

435 1347 580 1395 retentura
599 1339 697 1409 posito
714 1339 749 1394 cf.
768 1355 853 1410 snpra
873 1341 923 1393 109
940 1354 981 1405 sq.
1017 1338 1063 1392 De
1081 1339 1206 1393 ablativo
1224 1342 1423 1410 quinqonqeais
1441 1340 1481 1394 cs.

436 1433 471 1488 ad
483 1439 508 1489 t.
521 1465 551 1474 -
576 1434 747 1488 Reteuturae
760 1433 851 1501 igitur
864 1432 984 1486 ambitus
999 1431 1072 1484 idem
1089 1443 1190 1499 manet,
1207 1434 1261 1488 etsi
1273 1436 1348 1501 justo
1363 1450 1479 1486 numero

436 1526 556 1580 militum
581 1527 751 1594 aliquantum
770 1525 915 1595 copiarum
936 1524 1000 1595 plus
1021 1525 1064 1578 vel
1088 1525 1178 1578 minus
1196 1525 1284 1580 adest.
1328 1526 1361 1603 ln
1385 1537 1478 1582 reten-

436 1632 515 1676 turae
533 1632 651 1687 utroque
668 1621 756 1674 latere
772 1623 863 1689 justus
882 1618 1266 1686 numerus-semistrigiorum
1287 1619 1397 1673 uidetur
1416 1636 1480 1674 esse

437 1721 469 1770 l'l
489 1719 563 1781 (ta).
600 1715 671 1768 Natu
690 1715 725 1768 sd
746 1718 778 1769 14
796 1700 987 1782 semiarrigia,
1005 1730 1078 1780 quaa
1095 1723 1159 1766 sunt
1176 1711 1206 1764 iu
1224 1714 1311 1766 latere
1329 1714 1479 1780 praetorii,

434 1808 575 1863 accedunt
592 1808 674 1872 bina,
693 1823 765 1876 quae
783 1805 955 1875 respondent
973 1806 1104 1860 comitum
1122 1804 1290 1874 pedaturae,
1302 1816 1337 1859 *et
1354 1806 1478 1873 singula,

435 1904 503 1971 quia
520 1901 711 1969 quaestorium
730 1900 839 1952 minore
858 1897 1011 1953 latitudine
1029 1911 1087 1965 est,
1116 1915 1199 1966 quam
1217 1900 1400 1969 praetorium,
1426 1917 1480 1953 uec

434 1997 524 2053 statio
542 1996 693 2050 secundum
714 1993 744 2047 id
770 1994 863 2046 locum
886 2005 1011 2064 occupat.
1053 1995 1119 2049 Jam
1137 2011 1205 2049 vero
1229 1995 1256 2065 si
1272 1995 1480 2064 quinquaginta

426 2090 563 2169 ¹nomines
580 2090 610 2142 in
633 2089 723 2157 striga
740 2088 812 2140 ultra
828 2091 933 2154 iustum
952 2103 1095 2140 numerum
1116 2088 1246 2150 tendunt,
1277 2088 1417 2156 efficitur,
1447 2103 1479 2146 ut
1533 2142 1534 2146 ,

435 2184 465 2239 in
491 2194 634 2238 retentura
650 2185 702 2238 8⁵⁰
727 2182 858 2235 homines
883 2182 959 2235 ultra
982 2184 1087 2249 J'ustum
1108 2181 1354 2253 bominumlbbtld
1377 2199 1478 2237 nnme-

435 2294 495 2335 rum
517 2281 633 2334 tendere
658 2277 775 2347 possint.
830 2274 955 2329 Quocum
979 2275 1084 2343 optime
1110 2277 1251 2342 concinit,
1286 2276 1371 2343 qnod.
1391 2277 1479 2347 paulo
1515 2283 1517 2285 ’

435 2384 533 2442 postea
552 2372 636 2433 dicit,
656 2370 747 2426 artius
765 2369 935 2422 tendendum
954 2383 1030 2434 esse,
1048 2368 1074 2422 si
1091 2369 1236 2439 supersint
1251 2380 1307 2432 tot»
1326 2382 1393 2439 quot
1410 2371 1479 2425 stri·

435 2483 497 2534 gam
516 2482 571 2519 non
591 2465 734 2536 expleant.
770 2465 802 2516 ln
821 2461 939 2528 strigam
960 2462 1036 2513 onim
1053 2476 1250 2532 computantur
1269 2464 1397 2536 homines
1413 2467 1479 2522 8⁰0.

434 2563 524 2616 Levis
549 2557 742 2626 discrepantia
763 2555 838 2610 inter
856 2556 931 2608 bunc
955 2572 1100 2609 numerum
1123 2568 1152 2612 et
1174 2575 1234 2611 eum
1242 2596 1252 2625 ‚
1284 2574 1366 2625 quem
1390 2572 1479 2627 supra

435 2655 602 2716 invenimus,
620 2656 681 2721 85⁰,
701 2652 829 2720 urgenda
846 2668 902 2705 non
923 2661 974 2708 est.
1005 2656 1062 2706 Aut
1080 2651 1155 2705 enim
1172 2651 1344 2719 semistrigia
1361 2654 1395 2708 16
1411 2666 1479 2709 sunt

432 2752 526 2819 justus
545 2747 780 2815 semistrigiorum
798 2763 942 2809 numerus,
972 2731 1026 2800 uon
1048 2749 1094 2813 17,
1118 2755 1149 2800 ut
1166 2763 1217 2800 nos
1235 2745 1395 2814 statuimus;
1431 2757 1479 2802 aut
1502 2727 1507 2737 ⁶

374 2896 376 2899 ,
434 2845 524 2915 ipsum
542 2841 614 2896 illud
636 2843 850 2912 quinquagenis,
886 2849 916 2894 ut
938 2849 1152 2893 consentaneum
1169 2849 1227 2904 est,
1257 2839 1413 2894 summatim
1432 2828 1478 2894 di·

434 2948 510 2992 ctum
537 2947 588 2992 est.
642 2933 915 3000 Videmusigitur,
951 2942 1119 2986 retenturam
1146 2932 1262 2987 eandem
1291 2936 1413 2999 servari,
1450 2936 1475 2988 si

434 3031 557 3086 militum
585 3040 715 3082 numerus
738 3028 908 3095 octingentis
934 3027 1052 3082 circiter
1079 3028 1240 3082 hominibus
1265 3030 1300 3082 ab
1323 3033 1400 3098 justo
1423 3045 1477 3083 nu·

434 3142 512 3180 mero
535 3123 690 3193 discrepet.
736 3123 801 3177 Tali
827 3122 911 3184 modo
937 3125 1140 3176 correctionem
1163 3140 1251 3178 meam
1276 3127 1476 3194 qninquaqrnt'r

434 3219 615 3276 confirmasse
633 3217 702 3271 mihi
720 3218 829 3275 videor.
880 3218 985 3273 Schele
1004 3218 1122 3289 scripsit
1139 3220 1347 3301 quadringentis
1364 3218 1476 3282 (debuit

434 3324 512 3371 certe
536 3314 716 3383 octingentis,
750 3315 817 3381 quia
836 3314 1025 3370 restituendus
1042 3326 1116 3383 esset
1136 3331 1190 3366 non
1212 3311 1393 3381 semistrigii,
1423 3313 1474 3367 sed

430 3408 538 3476 strigae
556 3409 712 3472 numerus),
731 3422 850 3474 eumque
867 3408 1019 3463 ablativum
1038 3406 1136 3461 eodem
1153 3407 1236 3479 modo
1253 3405 1413 3472 intellexit,
1432 3418 1474 3461 at-

430 3518 584 3571 quaeum,
611 3517 693 3568 quem
712 3517 796 3573 supra
815 3518 878 3572 par.
891 3507 922 3565 7·
943 3503 1101 3558 habuimus.

499 3595 677 3651 Strictius
701 3609 759 3648 seu
786 3595 919 3665 laxius]
955 3596 1062 3651 Eadem
1082 3596 1190 3653 ratione
1208 3615 1257 3652 seu
1278 3605 1397 3670 usurpat
1415 3601 1473 3662 dl„

425 3690 553 3770 1εὸυιὸῢ.
571 3691 614 3743 57.
635 3687 674 3761 der
690 3689 762 3743 Lim.
781 3690 879 3745 Const.
899 3707 927 3762 p.
947 3695 1006 3749 199,
1029 3727 1030 3736 ,

500 3781 671 3835 Numeros
696 3783 816 3837 evenit
837 3785 1063 3854 commutari]
1101 3785 1169 3840 Cum
1189 3774 1401 3840 constructione
1419 3785 1473 3840 bac

431 3890 561 3946 prorsus,
588 3874 665 3942 quod
682 3875 784 3938 sciam,
812 3875 950 3945 singulari
968 3878 1123 3950 comparari
1150 3878 1269 3932 sortasse
1287 3888 1380 3958 potest¹
1397 3878 1473 3934 infra

431 3970 475 4024 tt.
512 3955 728 4024 Obseruobr'mur
744 3971 856 4040 priuroe
873 3971 981 4040 rtriqoe
1000 3973 1073 4025 idem
1090 3955 1248 4043 adsignari.

500 4063 658 4117 Tonsura
674 4065 825 4134 amplius
843 4067 1025 4136 efficiant,
1046 4068 1153 4134 quam]
1192 4066 1236 4120 De
1253 4073 1368 4122 teneura
1386 4067 1423 4121 cl.
1443 4086 1470 4138 p.

435 4158 493 4212 102.
527 4157 658 4212 Ceterum
677 4157 712 4212 cl.
731 4175 759 4227 p
780 4162 838 4215 119.
