3492 5242
832 665 917 745 lbu

357 873 482 941 rigorem
498 870 560 924 DF.
613 869 749 923 Emensus
772 868 829 935 jum
851 844 975 934 rigorem
994 867 1049 922 AD
1074 867 1105 920 in
1128 866 1201 921 dees
1230 879 1335 938 portes
1354 885 1400 923 se·

357 964 454 1032 qnsles
472 959 583 1015 dividit.
622 959 740 1027 Signum
758 958 788 1013 in
805 968 909 1028 puncto
927 954 967 1024 d,
993 957 1070 1026 quod
1087 969 1131 1015 est
1147 959 1282 1015 medium
1302 960 1400 1032 rigoris

358 1059 429 1123 AD,
456 1054 549 1125 ponit,
572 1060 741 1122 et-g'romsm
758 1068 796 1106 ex
813 1061 919 1122 puncto
935 1053 964 1107 D
982 1052 1134 1118 sublatere,
1161 1054 1192 1107 in
1210 1070 1278 1122 qno
1296 1065 1327 1111 et
1341 1054 1401 1126 ipso

356 1150 465 1216 εἰςιιιιιι
488 1147 630 1218 ponunt,-
647 1149 683 1203 sd
700 1147 772 1203 illud
790 1148 902 1216 signnm
921 1147 950 1201 in
971 1156 1073 1219 puncto
1092 1147 1117 1203 θ
1134 1147 1278 1203 collocet.
1323 1148 1402 1205 Post·

357 1255 437 1308 quern
461 1241 656 1295 ierrsmentum
682 1257 849 1311 perpensum
866 1251 926 1308 est,
961 1241 990 1297 b'.
1008 1258 1033 1295 e.
1052 1241 1187 1295 libratum
1210 1241 1253 1295 sd
1277 1242 1401 1297 uberte·

355 1333 403 1400 (cl.
422 1335 482 1390 tls.
499 1344 528 1389 et
545 1334 693 1399 column,
711 1337 751 1398 13,
768 1334 810 1388 ll.
831 1336 888 1400 134
915 1332 1038 1403 dioptris
1055 1331 1153 1387 librari
1175 1342 1305 1390 testetur
1321 1336 1400 1391 etisss

358 1425 469 1484 Vitrur.
487 1429 515 1494 8,
528 1429 586 1495 6.),
620 1426 858 1495 comprehendere
880 1426 973 1480 studet
990 1426 1101 1495 signum
1123 1436 1204 1481 trsns
1220 1427 1335 1483 flumen
1351 1446 1399 1499 po·

355 1519 439 1575 situm
455 1522 486 1575 G.
520 1520 604 1576 Quod
622 1537 678 1588 quo
693 1517 930 1585 accuratius-fist,
949 1518 1028 1572 filum
1045 1535 1063 1571 n
1080 1535 1190 1573 summo
1207 1522 1344 1590 margine
1356 1532 1399 1577 ιιι·

356 1613 385 1669 bi
403 1623 468 1670 sote
485 1614 604 1669 medinm
621 1618 681 1684 ejus
698 1627 857 1686 aperturum
875 1613 999 1669 demittit
1017 1611 1053 1665 sd
1073 1613 1325 1683 perpendiculum.
1366 1614 1398 1669 ltl

355 1707 391 1761 ud
420 1706 583 1763 umbilicum
610 1709 666 1762 soli
694 1709 853 1764 demittitur
878 1706 927 1770 (cl.
946 1708 1008 1762 286.
1026 1707 1085 1761 28⁷.
1112 1715 1141 1761 et
1165 1707 1246 1776 llyg.
1271 1707 1312 1761 de
1328 1706 1398 1763 lain·

356 1804 451 1859 Coust.
470 1806 557 1870 183.)‚
578 1804 606 1858 b.
624 1821 663 1868 e,
684 1815 714 1858 ut
731 1802 867 1870 conjicio,
888 1800 923 1853 ed
943 1799 1065 1869 lapidem
1085 1799 1131 1853 vel
1147 1799 1265 1868 liguum
1284 1818 1323 1856 ex
1339 1802 1398 1857 eolo

355 1895 531 1967 prominens,
548 1895 624 1963 quod
642 1896 671 1950 in
689 1912 724 1950 eo
741 1896 805 1948 loco
822 1893 967 1964 ponebant
983 1903 1011 1947 et
1027 1907 1044 1945 s
1060 1890 1255 1950 similitudine
1274 1896 1397 1951 umbilici

331 1991 501 2057 ,gnomonis
518 1990 607 2057 (Plio.
626 1991 663 2046 N.
683 1992 719 2045 ll.
737 1995 765 2057 b,
783 1992 827 2045 39.
854 1991 881 2050 22
899 1988 953 2050 ll.)
969 1987 1156 2043 nomiusbsnt.
1193 1989 1278 2058 Jsm,
1306 1991 1397 2061 rigore

354 2060 568 2154 comprehenso,
600 2087 650 2152 qni
669 2096 715 2142 est
732 2085 806 2139 iuter
824 2084 932 2138 oculum
958 2079 1156 2151 perspicientis
1173 2092 1203 2136 et
1225 2083 1325 2154 iilum,
1356 2085 1397 2139 si·

355 2175 418 2241 det,
451 2186 541 2230 utrum
564 2175 642 2231 filum
666 2187 743 2246 tegat
760 2177 871 2246 signum
892 2175 1086 2231 transflumen
1111 2175 1234 2246 positum
1257 2181 1285 2235 0
1302 2197 1397 2237 neers.

354 2270 386 2326 Si
403 2269 482 2325 iilum
500 2287 555 2324 nou
576 2271 647 2340 tegit
663 2270 788 2340 siguum,
806 2271 930 2342 percutit
946 2287 1085 2340 gromen,
1104 2272 1131 2328 b.
1149 2290 1173 2328 e.
1192 2288 1330 2333 meneste
1346 2280 1396 2335 ler-

354 2374 478 2419 rsmento
501 2365 590 2434 ipsam
613 2366 725 2421 stellam
751 2365 781 2420 in
806 2366 914 2419 circulo
940 2382 974 2420 eo
996 2380 1085 2434 usque
1104 2378 1214 2434 movet,
1248 2369 1347 2427 donec
1361 2372 1397 2427 si-

354 2474 439 2527 gnnm
460 2458 723 2528 comprehendis
775 2459 837 2512 Jsm
864 2456 966 2514 tramit
989 2468 1017 2512 et
1041 2475 1078 2512 ex
1103 2461 1191 2515 sltnrc
1216 2477 1307 2533 perte
1331 2466 1396 2535 tubi·

355 2552 403 2605 ubi
424 2552 507 2606 modo
530 2553 607 2606 iilum
626 2562 701 2615 eret,
727 2549 827 2616 dictet,
853 2550 905 2604 lilo
926 2550 957 2604 in
974 2551 1065 2607 altero
1088 2552 1144 2608 liue
1163 2556 1231 2611 tubi
1248 2574 1396 2633 suspenso,

353 2644 491 2713 rigorem,
519 2648 568 2714 qui
586 2656 631 2702 εει
647 2646 825 2702 continuetur
843 2646 925 2715 rigor
943 2645 1002 2700 OG.
1043 2646 1106 2701 Jem
1125 2664 1195 2702 uero
1214 2649 1252 2704 id·
1266 2655 1346 2724 egit,
1371 2666 1397 2711 ιι

353 2751 484 2809 punctum
508 2740 631 2795 inveniet
654 2739 760 2810 rigoris
777 2743 845 2808 DF,
881 2741 956 2808 quod
978 2752 1055 2810 tegat
1078 2741 1165 2798 filnes.
1211 2744 1289 2802 Sine
1314 2748 1398 2805 dubio

353 2833 426 2887 nlius
449 2851 560 2888 mensor
582 2851 643 2889 curn
670 2837 752 2901 siguo
775 2851 812 2887 ex
838 2844 941 2902 puncto
958 2835 987 2886 D
1005 2835 1033 2887 in
1057 2834 1154 2902 rigore
1170 2839 1228 2894 DF
1244 2841 1396 2911 progredi·

354 2937 413 2994 tnr,
440 2927 532 2980 donec
551 2930 606 2981 boc
627 2927 738 2994 siguum
757 2926 835 2979 filum
855 2938 954 2996 tegens
972 2931 1039 2998 poni
1055 2933 1168 3000 jubetur
1184 2935 1217 2989 in
1235 2950 1346 3008 puncto
1362 2942 1394 2995 li.

352 3021 472 3085 (Normo
494 3017 635 3073 dicituro
656 3016 840 3072 similitudine
864 3022 957 3078 effecti
983 3027 1073 3094 ipsum
1097 3027 1176 3082 iilum
1203 3038 1395 3101 perpensum)

351 3110 414 3165 dem
432 3111 561 3177 exigitor
579 3128 708 3166 numerus
726 3112 832 3180 rigoris
846 3115 912 3177 ΒΗ,
930 3131 1013 3182 quem
1027 3135 1142 3175 necesse
1159 3131 1203 3175 est
1220 3139 1324 3191 peren
1337 3142 1394 3182 esse

352 3203 443 3273 rigori
461 3205 526 3272 Ac,
544 3213 586 3272 et,
609 3204 729 3260 detineto
746 3207 924 3276 longitudine
941 3209 1034 3266 liuere
1050 3215 1108 3268 AB
1125 3230 1142 3268 ιι
1159 3215 1347 3285 longitudine
1361 3220 1394 3274 li·

351 3299 495 3365 ueremi,
514 3297 652 3366 reliquum
665 3300 721 3354 erit
735 3299 798 3372 ipss
816 3302 936 3358 lstitudo
953 3304 1086 3373 fluminis,
1105 3324 1178 3376 quae
1192 3314 1392 3377 quaerebatur.

350 3393 431 3448 Quod
451 3393 480 3446 in
497 3395 550 3451 hnc
567 3395 760 3465 descriptione
774 3399 888 3469 saepius
905 3401 1117 3456 commemoraui
1133 3405 1221 3470 filum,
1240 3404 1271 3459 iu
1286 3407 1392 3463 descri-

350 3486 447 3557 ptione
474 3488 565 3558 ipsius
595 3494 732 3547 mensoris
762 3510 816 3548 ιιοιι
843 3507 1091 3564 commemoratum
1126 3497 1175 3551 sed
1202 3498 1275 3553 telin
1300 3501 1392 3557 ouini

349 3591 493 3650 poterant,
513 3593 542 3638 ut
559 3599 605 3638 res
625 3595 689 3640 tunc
705 3589 810 3644 nemini
829 3589 948 3658 ignotae.
983 3592 1095 3646 Revera
1111 3598 1202 3646 nutem
1222 3593 1313 3648 telem
1329 3595 1391 3651 iilo·
1427 3585 1431 3593 ’

333 3686 408 3730 'rom
429 3692 507 3731 usum
525 3677 555 3729 in
575 3692 674 3744 groma
691 3680 778 3736 luisse
796 3682 931 3738 discimus
949 3702 986 3738 ex
1005 3685 1069 3738 loco
1086 3684 1145 3739 Ino.
1167 3685 1250 3746 Αιιει.
1270 3702 1300 3756 p.
1321 3688 1390 3754 lle,

348 3785 430 3835 quent
450 3769 624 3825 emendatum
646 3772 752 3841 subjeci
771 3777 806 3841 *).
854 3777 933 3830 lleec
954 3777 1004 3830 filu
1028 3778 1072 3830 vel
1094 3774 1192 3831 nervis
1213 3779 1390 3846 ponderib!

404 4013 426 4069 ')
455 4017 597 4057 Debemus-
613 4019 733 4058 l'errsmerrto
754 4020 860 4060 immutato
876 4024 941 4062 omnis
961 4025 1059 4066 indomite
1074 4028 1099 4067 ed
1119 4040 1242 4080 perpensum
1262 4032 1350 4086 dingere
1370 4042 1389 4074 sl

376 4096 419 4144 eins
434 4108 460 4135 ex
475 4098 567 4137 omnibus
581 4099 687 4139 corniculis
701 4111 790 4152 expense
803 4102 926 4152 ponderibus
941 4110 962 4141 et
975 4103 1028 4143 inter
1042 4121 1063 4147 ss
1078 4115 1192 4159 comperero
1206 4110 1243 4151 bis
1257 4126 1295 4154 seu
1310 4114 1389 4155 nern'ss

374 4178 402 4216 its
416 4177 529 4228 perspicere
543 4180 581 4229 (sio
595 4192 648 4220 corr.
663 4196 688 4221 es
700 4187 752 4223 Arc.
769 4186 856 4230 Salsu„
872 4189 911 4227 Es.
923 4187 979 4227 Plr'rs.
993 4183 1061 4242 m),
1075 4190 1139 4229 donec
1152 4191 1255 4242 proximo,
1269 4202 1389 4249 oonsupls
