3492 5242
825 674 904 752 153

352 878 521 946 mistrigium
545 876 719 931 officialibus
739 878 804 932 addi
833 880 894 934 vult
911 878 1050 950 Hyginus.
1106 876 1173 931 Sine
1198 876 1284 931 dubio
1309 877 1382 931 euim

352 971 515 1025 officialium
533 971 558 1023 is
576 986 706 1024 uumerus
725 983 799 1033 erat,
827 985 870 1038 ut,
901 975 926 1027 si
946 989 1041 1028 eorum
1060 970 1194 1043 pedatura
1211 969 1382 1038 semistrigid

350 1064 451 1118 addito
473 1072 634 1132 augeretur,
669 1064 881 1131 haudquaquam
908 1063 991 1118 nimis
1017 1064 1081 1135 laxe
1106 1063 1260 1118 tenderent.
1312 1063 1381 1116 Nam

351 1157 459 1212 etiamsi
477 1156 678 1225 semistrigium
696 1175 750 1210 uon
774 1157 907 1223 addatur,
943 1156 1078 1226 pedatura
1095 1165 1184 1210 tamea
1203 1172 1299 1211 eorum
1315 1171 1331 1210 a
1349 1155 1384 1210 5⁰

351 1251 471 1320 pedibus
488 1268 577 1318 usque
594 1250 628 1303 ad
648 1254 681 1306 7⁰
699 1252 845 1307 observari
866 1261 956 1321 potest
975 1251 1021 1313 (cl.
1040 1253 1104 1313 tu).

421 1528 585 1581 Quoniam
610 1544 769 1582 numerus
793 1536 826 1580 et
850 1525 1048 1595 dispositio
1068 1555 1100 1565 -
1120 1527 1347 1581 tentoriorum
1368 1543 1384 1581 a

352 1618 497 1690 paribus
516 1637 593 1674 esse
613 1621 751 1688 debent]
784 1620 883 1676 Verba
901 1638 919 1674 a
935 1620 1053 1687 paribus
1071 1621 1142 1687 quin
1157 1620 1306 1690 scripserit
1324 1620 1385 1691 fly-

351 1713 451 1782 giuns,
478 1714 602 1769 dubitari
622 1717 731 1781 nequit,
756 1715 886 1783 quoniam
906 1713 952 1768 hic
970 1713 1050 1766 locus
1068 1722 1094 1766 et
1114 1715 1185 1768 infra
1203 1717 1244 1769 3l.
1264 1712 1386 1768 invicem

350 1822 383 1858 se
403 1816 522 1859 tuentur.
558 1805 634 1860 Dicit
653 1807 784 1877 Hyginus
803 1820 921 1874 utroque
939 1807 1028 1860 latere
1048 1807 1181 1874 praetorii
1199 1807 1314 1861 eundem
1334 1821 1384 1859 nu-

350 1913 456 1950 merum
477 1897 595 1951 militum
619 1914 681 1951 esse
700 1899 818 1966 debere,
854 1916 973 1966 eumque
998 1898 1059 1969 pari
1086 1901 1194 1956 ratione
1215 1900 1384 1954 distribuen-

351 1989 426 2042 dum.
470 1991 646 2058 Quanquam,
673 1992 746 2058 quod
767 1993 829 2047 dixi
849 1998 959 2049 eundem
978 2011 1135 2059 numerum,
1164 1994 1201 2047 ita
1221 1993 1385 2062 intelligen-

351 2084 416 2136 dum
435 2095 489 2148 est,
522 2095 552 2136 ut
569 2083 640 2137 ratio
659 2085 794 2140 habeatur
812 2086 963 2155 redigendi
981 2087 1103 2153 equitum
1124 2086 1230 2141 numeri
1249 2086 1283 2140 ad
1303 2085 1385 2155 pedi-

353 2186 396 2230 tes
415 2180 489 2242 (tu).
542 2177 574 2230 Si
593 2178 704 2244 equites
728 2182 900 2249 praetoriani
920 2183 948 2235 in
973 2183 1061 2251 striga
1084 2181 1212 2236 cohortis
1227 2180 1387 2251 praetoriae

352 2280 505 2338 ponuntur,
544 2286 642 2323 revera
666 2283 695 2326 et
719 2287 850 2325 uumerus
868 2284 897 2326 et
913 2274 1064 2344 dispositio
1084 2285 1202 2339 utroque
1227 2274 1317 2328 latere
1335 2288 1386 2343 par

352 2372 404 2417 est.
440 2362 556 2430 Equites
576 2362 649 2415 cuim
670 2365 841 2431 praetoriani
863 2365 1027 2433 plerumque
1046 2371 1083 2433 (v.
1101 2367 1209 2434 supra),
1236 2376 1265 2417 ut
1283 2366 1385 2419 cohors

353 2457 507 2528 praetoria,
532 2457 646 2525 strigam
665 2457 817 2525 accipiunt.
852 2461 914 2516 Jarn
933 2477 1001 2516 vero
1019 2459 1192 2527 singulares,
1217 2459 1281 2526 qui,
1309 2457 1386 2528 posi·

353 2551 390 2605 tis
408 2549 550 2618 equitibus
567 2551 755 2618 praetorianis
772 2552 801 2605 in
820 2554 910 2620 striga
924 2553 1051 2607 cohortis
1068 2550 1314 2622 praetoriae,·non
1330 2553 1386 2620 jam

353 2643 470 2708 hahent,
490 2642 537 2709 qui
558 2642 613 2696 sibi
633 2644 661 2694 in
681 2643 771 2696 altero
787 2643 877 2697 latere
889 2644 1089 2713 respondeant,
1109 2643 1249 2698 dimidiati
1266 2645 1294 2698 in
1308 2655 1386 2698 utro·

352 2754 410 2804 que
430 2738 518 2790 latere
536 2734 654 2788 tendere
672 2735 791 2802 debent3
815 2734 844 2788 itl
864 2735 939 2802 quod
958 2735 1141 2802 sequentihus
1159 2739 1278 2806 exponit
1295 2738 1386 2808 Hygi·

354 2847 464 2884 nus-
509 2830 703 2882 Tentoriorum
723 2829 836 2880 correxi
862 2844 915 2897 pro
934 2831 1120 2896 centuriones,
1152 2827 1223 2882 illud
1243 2829 1315 2883 euim
1337 2829 1386 2883 ho·

353 2940 418 2978 nam
441 2921 604 2976 seutentiam
627 2921 730 2987 eflicit,
766 2937 818 2973 nec
843 2921 1000 2975 emendatio
1023 2937 1039 2974 a
1062 2921 1233 2991 corruptelis
1257 2921 1385 2976 codicum

354 3017 469 3071 nimium
488 3015 623 3070 abhorret
640 3014 687 3081 (cl.
707 3017 732 3068 6.
755 3015 795 3068 19.
813 3024 842 3068 et
861 3015 935 3067 Hiat.
953 3022 1020 3092 mut,
1036 3017 1080 3079 89,
1100 3017 1164 3080 13.).

422 3110 579 3177 Equites]
615 3107 660 3162 lta
676 3105 778 3175 scripsi
799 3123 850 3175 pro
871 3109 906 3167 c,
934 3107 1007 3174 quod
1028 3108 1055 3160 iu
1076 3107 1161 3163 codri.
1181 3108 1301 3176 iegitur,
1320 3106 1388 3175 quia

355 3203 468 3259 facilius
486 3211 563 3255 certe
584 3203 606 3254 Ε
624 3197 831 3269 compendium,
865 3201 968 3266 equites
986 3200 1162 3268 significans,
1195 3200 1223 3254 in
1246 3201 1387 3268 Gdepra-

355 3296 414 3353 vari
434 3304 559 3364 poterat,
577 3309 657 3360 quam
678 3296 754 3348 Gex
772 3291 862 3344 nihilo
878 3293 954 3348 addi.
991 3293 1101 3347 Literas
1120 3309 1205 3361 prave
1224 3309 1275 3363 pro
1293 3307 1387 3345 nume·

343 3407 450 3449 ,rorum
470 3387 544 3443 notis
565 3388 719 3440 habuerunt
738 3388 849 3441 librarii
870 3389 996 3443 etiam'il.
1010 3390 1053 3442 23.
1427 3448 1430 3456 ¹

425 3481 505 3536 Pari
526 3496 662 3533 numero
681 3479 832 3546 integris
850 3479 987 3547 strigis]
1013 3479 1114 3546 ltaque
1132 3488 1178 3531 aut
1195 3479 1253 3539 tot,
1271 3487 1318 3530 aut
1335 3478 1387 3534 tto

356 3577 515 3644 singulares
533 3574 561 3627 in
580 3574 667 3641 striga
686 3573 815 3636 tendent,
834 3589 919 3640 quae,
939 3584 1068 3642 utsupra
1085 3572 1221 3636 vidimus,
1247 3569 1388 3626 sufficeret

356 3670 498 3738 equitibus
517 3671 576 3723 ⁴8⁰.
613 3668 656 3722 Ad
677 3671 784 3737 inleqer
803 3669 840 3722 cl.
858 3671 883 3722 9.

425 3764 463 3820 Si
481 3763 520 3816 ad
541 3762 568 3820 D
586 3761 727 3830 luerint]
763 3763 902 3816 Numerus
921 3762 948 3814 D
968 3772 1084 3830 propter
1105 3758 1269 3813 antecedens
1286 3760 1324 3812 ud
1345 3759 1386 3812 la·

357 3860 414 3913 cile
433 3857 568 3910 excidere
588 3867 705 3924 poterat
743 3856 820 3909 ldem
840 3856 940 3908 iactum
959 3866 1002 3908 est
1019 3854 1093 3907 infra
1110 3857 1152 3909 35.
1196 3852 1277 3908 Quod
1297 3860 1387 3905 autem

357 3953 385 4004 in
404 3951 485 4005 codd.
504 3949 579 4003 inest
596 3966 660 4014 noa,
678 3959 767 4003 ortum
786 3947 899 4000 videtur
917 3945 996 4008 inde,
1017 3948 1091 4011 quod
1111 3945 1139 3997 in
1157 3945 1218 4001 cod.
1236 3945 1388 4015 archetypo

358 4045 495 4113 scriptum
519 4043 572 4096 luit
593 4045 671 4096 Dina.
723 4040 862 4097 Similiter
886 4040 957 4093 haud
984 4040 1045 4094 scio
1063 4055 1098 4092 an
1124 4039 1199 4092 inlra
1217 4042 1257 4094 ld·
1275 4039 1304 4092 in
1322 4038 1384 4090 cod.

358 4138 433 4191 arch.
446 4138 531 4192 luerit
542 4141 586 4191 vel
596 4139 762 4207 qunart'as.
790 4136 886 4188 Verba
899 4151 958 4188 erae
973 4134 1010 4186 od
1021 4134 1047 4186 D
1060 4131 1234 4200 significant:
1254 4148 1314 4184 esee
1329 4130 1386 4182 cir·-

358 4234 430 4285 eiter
443 4233 612 4300 quinqentoa,
631 4232 680 4284 aed
693 4231 770 4296 infru
784 4247 843 4284 eunt
859 4244 1010 4283 numerum.
1034 4225 1077 4278 ct.
1090 4226 1148 4280 Cic.
1162 4224 1195 4278 ad
1207 4225 1259 4278 Qu.
1277 4224 1309 4276 ir.
1322 4225 1347 4282 2,
1364 4224 1386 4275 l.
1488 4254 1491 4262 ι
