3492 5242
851 656 907 734 56

364 860 480 953 positis
505 859 541 925 in
570 857 688 924 falsum
717 858 824 924 locum
853 869 1082 948 pervenerunt.
1128 860 1198 927 Hac
1220 859 1314 927 enim
1336 866 1400 931 clli-

363 972 467 1053 citur‚
496 979 532 1033 ut
558 967 674 1034 folium
695 966 818 1034 codicis
838 967 1005 1058 archetypi
1031 968 1182 1035 babuerit
1203 969 1246 1037 50
1267 965 1401 1039 circiter

362 1078 466 1149 lineas
494 1076 616 1143 codicis
637 1076 811 1142 Arceriani
831 1077 885 1143 vel
910 1077 951 1143 35
980 1077 1133 1144 editionis
1156 1077 1343 1148 Goesianre
1359 1086 1398 1159 ²).

362 1187 478 1275 Atqui*
491 1187 670 1274 fragmenta
698 1185 756 1250 illa
783 1187 1008 1253 mathematica
1037 1188 1170 1277 explent
1198 1186 1260 1256 196
1293 1190 1401 1259 lineos

362 1294 484 1365 codicis
501 1295 686 1360 Arceriani.
730 1295 884 1360 Dubitari
905 1294 1007 1382 igitur
1028 1290 1233 1387 non‘potcst,
1256 1298 1343 1387 quin
1362 1322 1401 1365 es

361 1413 500 1493 quatuor
532 1402 655 1470 codicis
686 1403 853 1492 archetypi
884 1404 962 1469 folia
994 1404 1206 1493 expleverint.
1267 1407 1400 1490 Quodsi

359 1513 439 1577 baec
460 1513 698 1602 probabuntur,
720 1513 901 1603 explicatur
926 1512 1036 1596 simul,
1060 1537 1126 1602 quo
1147 1513 1243 1580 modo
1264 1512 1400 1583 initium

359 1619 438 1686 libri
471 1621 511 1686 de
546 1622 784 1688 munitionibus
817 1631 996 1687 castrorum
1027 1621 1189 1688 interierit
1202 1626 1247 1701 8).
1316 1624 1398 1694 Sine

360 1728 459 1794 dubio
483 1728 595 1828 'prima
621 1730 699 1795 folia
728 1730 827 1815 hujus
854 1730 933 1794 libri
954 1739 1008 1794 ant
1027 1740 1103 1796 unte
1117 1732 1312 1820 'fragmenta
1332 1758 1399 1803 ms·

359 1837 531 1904 thematica
558 1851 612 1903 aut
645 1837 801 1904 aliorsum
828 1839 1026 1926 transposita
1056 1838 1264 1926 interierant,
1309 1855 1398 1911 ante·

359 1968 457 2036 quam
479 1945 581 2012 codex
601 1945 802 2011 Arcerianus
824 1946 967 2036 scriptus
988 1959 1057 2035 est3
1078 1950 1151 2016 lieri
1172 1974 1303 2041 quoquc
1325 1965 1397 2044 pot·

358 2055 427 2138 uit,
459 2065 496 2119 ut
526 2055 562 2120 in
589 2078 627 2121 es
655 2064 746 2145 parte
773 2054 896 2123 codicis
918 2057 1091 2124 Arceriani
1119 2058 1396 2150 describerentur,

358 2186 441 2254 quae
463 2187 551 2229 nunc
572 2165 682 2255 periit.

442 2274 609 2342 Foliorum
629 2299 728 2366 porro
754 2277 1009 2367 transpositione
1039 2278 1160 2343 factum
1186 2299 1260 2343 esse
1281 2276 1396 2344 statui·

356 2380 448 2470 mus,
473 2396 510 2451 ut
529 2384 564 2449 id
584 2384 701 2450 folium
723 2384 845 2450 codicis
866 2386 1051 2474 archetypi,
1073 2385 1109 2451 in
1131 2408 1197 2476 quo
1216 2409 1295 2452 vcro
1315 2385 1396 2453 libri

355 2494 462 2559 nostri
483 2493 681 2582 subscriptio
715 2492 837 2574 inerat,
867 2491 904 2558 in
936 2492 1036 2558 alium
1061 2495 1171 2560 locum
1191 2495 1394 2583 perveniret,

288 2650 290 2655 s
354 2600 440 2667 illud
459 2612 572 2666 contra
592 2600 721 2683 folium,
744 2599 780 2666 in
803 2600 898 2686 cujus
919 2599 1014 2666 initio
1036 2625 1074 2667 ca
1097 2602 1294 2692 subscriptio
1309 2612 1392 2689 erut,

354 2734 437 2801 quae
471 2710 508 2775 in
539 2709 651 2777 codice
683 2709 866 2776 Arceriano
899 2733 988 2774 nunc
1022 2719 1089 2795 est,
1132 2734 1319 2803 quanquam
1353 2712 1394 2779 sd

353 2825 454 2917 alium
474 2823 596 2891 librum
616 2821 795 2913 spectabat,
816 2828 895 2911 post
916 2819 1016 2884 finem
1036 2819 1114 2885 libri
1136 2821 1176 2887 de
1197 2820 1393 2887 munitioni-

352 2934 415 3000 bus
442 2945 620 2999 castrorum
649 2929 862 2997 inveniretur.
908 2927 948 2995 Si
975 2929 1030 2996 cui
1051 2939 1158 2996 autem
1179 2928 1289 2995 minus
1317 2952 1391 3021 pro·

351 3042 461 3109 babile
493 3040 662 3125 videatur,
690 3039 953 3129 {subscriptiones
991 3040 1152 3106 librorum
1182 3039 1218 3105 in
1253 3038 1391 3106 summis

350 3150 442 3218 foliis
464 3149 587 3217 codicis
609 3151 777 3241 archetypi
797 3150 920 3235 fuisse,
953 3174 1029 3217 cum
1056 3147 1257 3215 admonitum
1277 3148 1390 3234 velim,

349 3283 487 3351 prorsus
510 3259 612 3325 simili
631 3258 755 3324 ratione
781 3257 818 3324 in
840 3259 953 3326 codice
974 3256 1156 3325 Arceriano
1185 3255 1319 3323 titulum
1339 3280 1390 3324 se·

351 3368 483 3460 quentis
511 3369 590 3436 libri
616 3368 758 3436 inveniri
778 3368 814 3434 in
836 3368 902 3435 fine
924 3368 1094 3437 columnae
1109 3369 1136 3448 9)
1166 3375 1199 3431 ct
1221 3365 1388 3456 subscrip·

351 3478 475 3544 tionem
495 3479 716 3546 antecedentis
737 3479 774 3544 iu
796 3503 921 3546 summa
943 3479 1094 3548 columna
1120 3476 1310 3568 insequenti
1333 3480 1387 3561 ιο).

420 3706 447 3764 7)
481 3702 561 3756 Idem
578 3701 683 3757 Blume
700 3701 910 3772 computatione
926 3703 1000 3758 facta
1017 3711 1161 3759 assecutus
1179 3709 1231 3768 est,
1248 3717 1274 3756 r.
1287 3702 1315 3771 ὅ,
1326 3702 1388 3759 ³82

418 3797 448 3860 8)
484 3794 664 3850 Manifestum
683 3793 833 3862 cererin,
851 3805 916 3849 ente
933 3793 1044 3852 initium
1062 3795 1147 3862 libri,
1164 3794 1241 3863 quod
1259 3793 1289 3848 in
1307 3793 1389 3849 codi-

352 3885 434 3944 cibus
451 3887 622 3943 inreuimus:
642 3888 723 3943 Nunc
739 3888 922 3959 papilionum,
941 3886 1038 3945 deesse
1055 3889 1197 3944 nonnullo.
1220 3887 1264 3943 cf.
1284 3874 1389 3946 schole

352 3983 463 4053 proleg.
484 4000 512 4053 p.
532 3984 566 4037 34
581 3991 612 4036 et
627 3981 843 4039 commentarius
860 3996 946 4036 meus.

419 4078 448 4138 9)
483 4077 527 4133 Cf.
546 4092 630 4147 supra
645 4094 673 4147 p.
693 4078 742 4139 3⁴,
759 4087 818 4133 not.
837 4078 876 4141 3).

423 4174 466 4237 10)
501 4171 535 4225 ln
557 4186 661 4227 sunna
684 4172 812 4226 columna
837 4170 995 4241 posteriore
1017 4172 1082 4228 lolii
1100 4171 1175 4228 1571>
1193 4169 1303 4240 legitur
1319 4171 1387 4227 sub·

351 4263 484 4335 scriptio:
504 4265 590 4321 Liber
608 4266 713 4336 Hygini
728 4265 900 4336 promotione
918 4282 979 4335 exp.
