3492 5242
819 615 878 691 24

329 823 490 889 Galesii
511 824 676 888 Motene
698 822 884 885 errorum
899 820 1151 900 plenissimo
1174 818 1370 896 desumto,

224 925 227 931 ’
329 934 661 1015 transcriptum,
685 931 769 993 buno
792 929 924 992 titutum
940 922 1106 1010 praefert:
1135 928 1265 1010 Hygini
1285 926 1371 993 Gru

328 1044 415 1106 mcci
446 1039 529 1107 tiber'
557 1041 598 1106 de
625 1038 857 1105 munitionibus
890 1036 1072 1103 costrotum
1094 1039 1157 1115 77).
1214 1034 1373 1103 Ceterum

327 1151 550 1241 apographum
566 1147 814 1218 Wouveuanum
832 1153 864 1210 et
878 1143 1024 1210 codiceni
1039 1144 1258 1222 Barbetiuum
1273 1144 1389 1211 1546.-

328 1283 370 1324 ex
399 1259 512 1325 codem
538 1260 629 1324 fonte
656 1258 751 1324 ducta
779 1280 852 1325 csse
881 1255 934 1321 vel
961 1253 997 1319 id
1027 1252 1150 1320 indicio
1183 1262 1252 1337 est,
1281 1252 1374 1342 quod

328 1367 497 1433 Antonius
524 1366 757 1454 Augustinus,
795 1365 853 1456 qui
882 1373 919 1429 ut
949 1361 1077 1429 Metelli
1113 1362 1260 1452 Sequani
1292 1363 1373 1429 ami·

286 1504 294 1521 .,
328 1473 481 1540 cissimus
503 1479 550 1552 ⁷³)
588 1473 660 1539 sine
701 1473 801 1540 dnbio
839 1472 952 1552 codiee
990 1471 1187 1541 florbertus
1205 1471 1373 1557 utebatur,

330 1593 363 1649 et
401 1583 474 1674 ipse
510 1587 679 1668 Hyginum
718 1584 976 1650 Gromocium
1007 1583 1048 1649 de
1088 1582 1375 1648 constitutionibus

331 1696 470 1758 limitum
490 1692 600 1758 laudat
623 1689 678 1779 77).

416 1801 545 1886 Quodsi
576 1826 690 1870 verum
718 1812 788 1886 est,
819 1801 965 1868 codicem
987 1801 1106 1867 Basilii
1128 1785 1267 1866 Zancbii
1296 1824 1375 1891 apo·

330 1913 491 2000 graphum
513 1911 617 1977 fnisse
639 1908 762 1976 codicis
785 1907 913 1975 Galesii
933 1909 1078 1994 Missae,
1097 1909 1167 1995 jem
1188 1908 1289 1994 hujus
1309 1909 1375 1976 ori·

331 2019 442 2107 gincm
480 2021 661 2086 accuratius
706 2015 912 2106 indagemus.
966 2018 1019 2082 Ac
1058 2016 1199 2106 primum
1242 2016 1377 2107 quidem

297 2152 304 2161 ·
332 2128 580 2213 contenderim,
614 2127 759 2194 codicem
795 2124 1007 2192 Galesianum
1039 2148 1100 2213 pro
1133 2125 1248 2213 eodem
1276 2135 1375 2215 atquc

331 2237 478 2302 codicem
510 2236 636 2303 Aiciati
668 2235 854 2303 habendum
887 2256 972 2300 esse.
1026 2232 1125 2316 Quod
1154 2234 1242 2299 enim
1270 2233 1377 2300 codex

332 2343 529 2412 Galesianus
552 2370 681 2437 semper
701 2370 766 2414 uua
789 2370 863 2412 cum
885 2345 1072 2434 apographo
1094 2343 1212 2409 Basilii
1234 2341 1378 2410 Zauchii

334 2466 622 2544 commemoratur,
655 2453 800 2518 iudicate
832 2447 981 2536 videtur,
1014 2451 1159 2518 codicem
1189 2450 1261 2516 sinc
1298 2475 1376 2541 apo·

330 2561 450 2650 graphi
480 2560 603 2627 auxilio
629 2559 698 2649 legi
726 2582 793 2624 non
821 2559 981 2648 potuisse.
1035 2559 1134 2643 Quod
1163 2583 1261 2649 quam
1288 2560 1376 2627 benc

333 2669 369 2734 iu
393 2669 539 2737 codicem
561 2669 685 2737 Alciati
706 2669 864 2760 quadret,
892 2669 988 2755 cujus
1009 2669 1123 2736 literae
1153 2683 1218 2734 tum
1239 2669 1377 2735 absume

334 2789 445 2864 crant,
477 2789 513 2844 ut
543 2779 614 2869 legi
641 2781 697 2856 uix
730 2790 865 2869 posset,
906 2802 1002 2857 nemo
1034 2803 1102 2845 non
1133 2778 1233 2846 videt.
1295 2779 1378 2845 Enni

333 2901 501 2978 praetcrea
529 2889 616 2954 iuter
645 2875 879 2957 Scriverianos'
902 2888 1048 2969 codices,
1088 2888 1183 2974 cujus
1210 2887 1316 2977 origo.
1334 2887 1377 2955 ad

334 2995 458 3062 Alciati
479 2997 625 3063 codicem
653 2995 824 3063 referenda
845 2994 995 3081 videtur,
1024 2998 1136 3086 quiet
1163 2998 1236 3086 ipse
1258 3020 1300 3063 cx
1322 3018 1376 3064 co·

336 3104 407 3170 dice
430 3106 546 3173 Basilii
571 3107 711 3173 Zaucbii
732 3107 918 3198 descriptus
940 3131 1012 3173 esse
1043 3117 1191 3198 narratur
1212 3110 1265 3188 77).
1310 3107 1376 3173 Mi·

404 3358 449 3421 71)
484 3357 564 3411 Hane
585 3368 675 3414 notum
698 3344 755 3415 non
778 3365 858 3433 uovit
874 3364 994 3432 Biume,
1017 3362 1068 3430 qui
1091 3369 1243 3432 propterea
1267 3362 1379 3441 11716.

335 3451 386 3503 has
408 3453 586 3517 quaestiones
609 3455 663 3508 nisi
693 3454 816 3511 inventis
838 3459 968 3513 omnibus
989 3457 1162 3528 apographis
1185 3454 1377 3511 Scrivericuis

336 3560 374 3598 ex
403 3545 503 3601 codice
526 3547 630 3602 Basilii
654 3548 773 3604 Zanchii
797 3550 891 3605 ductis
918 3550 992 3604 solvi
1024 3564 1107 3619 posse
1130 3548 1256 3618 negavit.
1292 3549 1375 3604 Gete-

337 3656 396 3694 rom
414 3659 451 3696 ex
468 3642 570 3698 Basilii
587 3644 707 3699 Zanchii
726 3644 825 3699 codice
844 3646 1007 3714 descriptus
1026 3657 1087 3701 crat
1105 3645 1167 3700 siue
1184 3647 1272 3702 dubio
1289 3648 1375 3701 etiam

337 3736 363 3792 is
382 3737 489 3805 codex,
508 3738 556 3806 qui
576 3739 606 3791 in
625 3738 711 3793 libris
727 3738 951 3811 appendiciariis
971 3739 1161 3796 bibliothecae
1179 3741 1375 3798 Scriveriauae

339 3848 411 3885 num.
432 3834 481 3887 118
501 3843 742 3909 commemoratur.

405 3928 449 3985 73)
486 3926 642 3980 17.ΒΙυωε
663 3944 689 3995 p.
712 3930 770 3984 189.
791 3929 848 3983 198.

406 4019 452 4084 74)
489 4019 523 4074 V.
553 4021 670 4075 Antonii
699 4020 850 4086 Augustini
877 4022 911 4075 de
939 4023 1045 4092 teyibuc
1072 4031 1098 4078 et
1126 4023 1375 4079 tettotosconsultia

282 4127 286 4145 ¹
339 4115 420 4168 liber.
441 4114 532 4168 Poris.
552 4116 629 4171 1581.
649 4114 699 4193 iol.
720 4115 854 4184 cup0V1.
874 4132 903 4184 p.
926 4120 966 4172 10.

390 4234 451 4310 ,75)
487 4232 569 4287 Libri
588 4232 796 4303 appendiciarii
815 4233 886 4288 bibl.
906 4233 997 4291 Scriv.
1017 4254 1090 4292 num.
1112 4243 1169 4295 tos.
1206 4239 1376 4311 Frnymento
