3492 5242
792 648 973 763 mult„

351 859 436 930 Apud
455 855 608 928 Polybium
626 866 719 912 castra
735 854 852 908 duarum
876 850 1020 918 legionum
1037 849 1165 905 alliciunt
1187 851 1303 905 formam
1320 863 1389 916 qua·
1436 914 1440 927 Β

351 952 459 1006 dratam
476 950 682 1018 'aequilateram
702 950 741 1015 (6,
758 947 830 1014 dl),
859 955 951 997 castra
969 953 1090 1010 quatuor
1114 944 1257 1013 legionum
1275 944 1390 997 formum

351 1046 511 1112 quadratam
529 1044 695 1112 oblongam,
727 1044 806 1110 cujus
832 1039 952 1095 latitudo
973 1049 1019 1094 eat
1043 1037 1161 1093 dimidia
1180 1053 1245 1110 pars
1264 1037 1390 1105 longitu·
1451 1043 1455 1064 ¹

351 1138 430 1192 diuis
448 1141 486 1206 (6,
504 1140 569 1203 32).
622 1139 751 1193 Formam
776 1133 937 1203 quadratam
962 1131 1094 1208 agnoscit
1116 1130 1258 1199 losephus
1280 1142 1392 1198 qnoque

350 1233 397 1300 (B.
417 1232 484 1286 Jud.
503 1234 531 1297 3,
549 1234 576 1297 6,
597 1231 649 1295 1.),
681 1239 708 1282 et
724 1227 794 1282 licet
817 1226 971 1294 postremis
988 1225 1193 1293 Imperatorum
1215 1222 1391 1294 temporibus

350 1323 586 1392 castratrigooa,
609 1323 744 1388 rotunda,
763 1320 955 1374 semirotundo
971 1336 1023 1389 pro
1040 1319 1096 1372 loci
1115 1316 1281 1372 necessitate
1299 1314 1393 1385 posita

350 1421 410 1475 sint
425 1419 514 1487 (virg.
530 1422 558 1484 -l,
576 1419 620 1473 33.
640 1420 667 1482 3,
684 1419 739 1482 8.),
766 1417 830 1486 ipse
848 1427 938 1469 tannen
957 1413 1098 1482 vegetius
1116 1413 1233 1466 lormam
1253 1410 1392 1465 tertiatam

352 1513 546 1584 pulchriorem
563 1527 625 1566 ease
642 1510 775 1564 coneeffit
793 1512 831 1576 (3,
841 1496 903 1577 d),
937 1518 966 1563 et
988 1508 1095 1561 formae
1118 1507 1272 1573 quadratae
1290 1505 1393 1558 oblon·

351 1623 407 1675 gae
431 1607 506 1660 iuter
523 1605 625 1681 varias!
639 1606 758 1670 formas,
794 1616 864 1669 quas
890 1599 998 1668 antiqui
1019 1599 1231 1670 usurpaverint,
1269 1599 1313 1652 vel
1331 1597 1393 1653 Leo

303 1723 305 1729 ’
352 1707 408 1770 (11,
427 1705 482 1769 33.)
500 1704 618 1771 palmam
636 1700 744 1756 tribuit.
781 1698 943 1751 Castrorum
963 1695 1118 1762 reliquiae,
1137 1709 1211 1762 quae
1231 1692 1260 1746 iu
1277 1692 1394 1747 Britan·

352 1797 403 1850 oia
419 1806 546 1863 exstant,
574 1811 671 1849 omnes
686 1795 747 1848 iere
765 1790 884 1846 lormam
907 1789 1047 1845 tertiatatn
1067 1805 1135 1860 prae
1153 1803 1184 1843 se
1203 1790 1299 1842 lerunt
1318 1788 1395 1857 (Roy

353 1906 381 1959 p.
400 1891 470 1955 69.).·
509 1889 614 1943 Contra
637 1887 782 1957 singulare
806 1891 922 1955 prorsus
941 1895 983 1939 est
1000 1896 1029 1939 et
1048 1900 1084 1938 ex
1108 1882 1246 1952 singulari
1266 1882 1309 1936 rei
1328 1898 1395 1935 con·
1456 1873 1460 1878 Χ

353 1982 464 2035 ditione
487 1981 702 2053 explicandum,
737 1977 814 2048 quod
832 1979 937 2032 Caesar
957 1978 994 2032 ad
1013 1979 1156 2049 Thapsum
1182 1979 1278 2033 lunata
1299 1987 1395 2031 eastra

352 2077 502 2132 constituit
518 2079 563 2141 (Β.
581 2078 643 2132 Α1ι.
661 2078 737 2143 su).-

422 2172 466 2225 Ut
491 2171 600 2225 flatus
627 2185 733 2224 aurae
764 2178 881 2223 aestus
909 2168 1092 2223 exercitus
1119 2168 1247 2236 leniat]
1285 2166 1396 2222 Sabelli

352 2269 530 2332 conjectura:
562 2273 591 2318 ut
608 2267 634 2318 ιε’
652 2267 712 2318 latu
730 2268 815 2330 duaa,
834 2271 893 2317 tres
909 2272 1008 2333 portas
1025 2265 1081 2316 aiat
1099 2265 1182 2331 lonqu
1201 2264 1247 2315 vel
1267 2262 1332 2317 ideo
1351 2279 1397 2317 re·

350 2357 479 2427 J'icienda
497 2368 554 2423 est,
589 2357 666 2424 quod
691 2369 787 2427 postea
810 2357 920 2410 demum
937 2355 1071 2426 llygiuus
1093 2372 1189 2408 rocem
1208 2358 1327 2411 tertiolo
1344 2373 1397 2410 ex-

306 2436 310 2446 .
354 2453 454 2524 plicat.
493 2451 616 2506 Videtur
635 2452 766 2523 llygiuus
785 2452 1052 2521 censuissescaatra
1069 2450 1206 2517 quadrata
1224 2450 1398 2517 aequilatera

354 2564 410 2599 non
428 2562 518 2613 aeque
534 2545 619 2599 tacite
635 2558 719 2603 vento
745 2544 860 2614 perflari
880 2560 913 2598 ac
930 2543 1056 2614 pnrgari.
1090 2548 1202 2599 Aestus
1221 2544 1326 2614 plurali
1346 2560 1398 2598 nu-

354 2657 432 2694 mero
456 2643 492 2694 de
510 2641 606 2693 calore
620 2640 788 2711 ‘meridiano
812 2649 928 2710 usurpat
947 2639 1030 2707 Virg.
1049 2639 1156 2709 Georg.
1175 2642 1202 2706 3,
1220 2643 1282 2696 331.
1311 2641 1396 2696 Varr.

355 2734 598 2799 R.R.t,1,tn.

425 2829 578 2894 Longum
597 2826 701 2895 pedes
717 2827 988 2894 0190100000,
1007 2829 1109 2882 latum
1129 2830 1231 2899 petias
1250 2831 1398 2901 010110]

359 2924 481 2990 lonqum
498 2931 526 2975 et
543 2923 629 2976 latum
649 2922 796 2977 referenda
814 2933 880 2977 aunt
899 2923 939 2976 ud
953 2923 1003 2977 loc
1022 2925 1206 2991 antecedens,
1226 2909 1400 2996 quapropter

355 3033 411 3068 non
430 3026 474 3068 est
491 3013 691 3084 corrigendum
710 3031 771 3069 cum
789 3014 918 3071 Schelio:
944 3017 975 3071 t'n
992 3017 1104 3086 lonqum
1123 3019 1168 3072 rel
1186 3020 1278 3090 lonqo.
1314 3021 1398 3076 Quod

356 3127 471 3181 codices
490 3126 593 3180 liabent
610 3113 645 3180 ΪῙ
661 3127 708 3192 (cl.
723 3130 766 3183 31.
786 3130 829 3183 34.
848 3131 893 3182 35.
912 3131 982 3195 36),
1010 3146 1044 3183 eo
1064 3124 1221 3198 significari
1241 3134 1295 3187 duo
1314 3135 1398 3190 milia

355 3233 451 3274 noturn
471 3231 513 3275 est
530 3220 574 3273 vel
594 3237 631 3273 ex
646 3219 758 3276 Valerii
774 3219 866 3273 Probi
885 3221 921 3273 de
940 3223 1018 3275 notis
1035 3223 1168 3278 Romanis
1185 3225 1261 3278 libro
1280 3243 1307 3294 p.
1320 3229 1396 3282 1178.
1426 3253 1429 3265 ·

357 3315 524 3370 Gotholred.
571 3310 832 3371 Ceterumnumeri
854 3311 924 3370 2400
943 3326 971 3370 et
992 3320 1059 3372 1666
1084 3318 1208 3388 exempli
1235 3320 1298 3372 loco
1326 3321 1397 3375 defi-

356 3409 474 3462 nitionis
498 3424 579 3462 causa
605 3410 814 3477 prolati'sunt,
849 3421 1022 3481 quapropter
1047 3414 1145 3467 mirari
1171 3429 1225 3465 non
1252 3414 1397 3484 debemus,

357 3505 435 3571 quod
458 3520 511 3556 non
538 3519 654 3573 prorsus
678 3503 829 3556 concinunt
847 3520 909 3556 eum
936 3505 1115 3574 longitudine
1135 3517 1163 3560 et
1179 3506 1330 3562 latitudine
1348 3527 1398 3564 ca·

356 3597 498 3661 atrorum,¹
522 3614 592 3666 quae
610 3596 688 3650 inlro
706 3594 860 3651 constituit.
904 3597 946 3650 Ea
965 3597 1040 3651 enim
1063 3599 1120 3653 lata
1137 3611 1199 3654 sunt
1223 3601 1309 3668 pedes
1330 3605 1398 3659 162⁰

357 3694 407 3757 (cf.
425 3694 471 3748 31.
491 3694 559 3758 ll.),
593 3691 678 3758 longa
702 3690 791 3760 pedes
810 3692 879 3744 2320
898 3691 945 3755 (ci.
963 3693 988 3744 9.
1013 3695 1052 3746 17.
1074 3695 1114 3748 tt.
1134 3696 1176 3750 36.
1195 3697 1260 3761 tt).
1306 3696 1397 3772 Poly.

358 3789 440 3840 biana
460 3790 550 3839 castra
566 3785 681 3838 duarum
705 3784 848 3853 legionum
868 3783 971 3837 bab'ent
995 3785 1175 3840 latitudinem
1197 3779 1299 3858 pedum
1316 3792 1396 3848 3656.

357 3883 481 3936 Numero
498 3881 572 3934 enim
589 3882 672 3947 245⁰,
692 3897 773 3949 quem
792 3891 870 3933 recte
888 3879 998 3933 Klenne
1016 3897 1042 3951 p.
1064 3880 1121 3936 tlt.
1142 3879 1296 3939 extricavit
1314 3886 1396 3953 (reli-

357 3977 407 4046 qui
425 3976 497 4031 enirn
516 3974 545 4029 in
564 3974 769 4045 compotatlone
785 3975 837 4028 illa
855 3989 952 4046 parum
970 3975 1092 4029 accurati
1111 3976 1248 4047 luerent),
1271 3979 1395 4033 addendi

357 4083 422 4126 sunt
444 4071 531 4142 pedes
552 4073 619 4132 tut,
656 4086 726 4138 quos
744 4070 916 4142 praetorium
939 4066 1064 4124 medium¹
1086 4069 1161 4126 inter
1178 4072 1248 4129 duaa
1265 4073 1395 4140 legiones

359 4166 530 4233 interjectum
549 4166 676 4234 occupat.
721 4150 791 4219 (ium
810 4148 927 4218 totidem
948 4165 1036 4235 pedes
1054 4165 1141 4236 longa
1159 4167 1230 4233 sint,
1259 4167 1394 4234 efficitur,

359 4270 388 4313 ot
405 4269 493 4314 castra
513 4259 675 4330 Hyginiana
694 4257 892 4313 multominus
914 4260 1034 4332 spatium
1053 4261 1208 4332 occupent,
1242 4276 1325 4330 qnam
1348 4277 1394 4317 cu·
