3492 5242
822 626 910 720 169

353 850 406 905 486
423 845 510 916 pedes
527 847 614 914 longa
630 857 689 913 est,
723 854 872 916 supersunt
888 844 978 917 pedes
994 845 1029 902 66
1047 859 1099 915 per
1114 845 1181 908 366,
1215 843 1264 912 qui
1284 844 1393 900 cohorti

354 940 483 1011 pedestri
500 939 704 1009 quingenariae
719 939 874 1010 adpedern
893 937 1046 1010 sufficiunt.
1088 935 1122 992 Si
1145 947 1290 994 retentura
1307 939 1394 1007 longa

353 1033 392 1087 sit
410 1032 496 1102 pedes
513 1035 565 1088 606
581 1043 631 1088 aut
647 1035 712 1095 720,
738 1031 879 1099 reliquum
896 1031 1017 1102 spatium
1035 1029 1159 1102 sufficiet
1176 1030 1288 1086 cohorti
1305 1049 1394 1101 eque-

353 1126 407 1181 stri
426 1127 629 1195 quingenariae
647 1125 695 1195 (cs.
713 1125 748 1179 ad
766 1130 831 1192 lm.
1274 1183 1277 1197 1
1379 1129 1387 1144 ’

408 1222 597 1285 ¹cohortes
615 1218 792 1288 perlitatae
811 1218 867 1271 vel
886 1216 1074 1288 equitatae]
1101 1218 1144 1272 lta
1162 1227 1323 1273 correxerat
1337 1221 1394 1287 jam

352 1318 418 1372 an'te
436 1315 580 1370 Schelinm
598 1315 791 1383 Rutgersius5
811 1315 978 1380 Vanam.
997 1331 1025 1385 p.
1044 1316 1105 1370 429.

421 1411 473 1475 Ad
499 1409 585 1462 viam
609 1411 810 1476 quintanam
834 1418 1000 1478 spectare
1025 1405 1215 1473 debebunt]
1247 1407 1326 1473 Ergo
1345 1423 1394 1460 co·

352 1504 451 1557 hortos
469 1502 504 1554 ad
522 1502 594 1556 viam
611 1501 786 1569 quintanam,
804 1501 931 1555 nationes
948 1502 984 1559 ad
1002 1502 1074 1556 viam
1091 1501 1249 1570 augularem
1267 1501 1392 1557 tendunt.

352 1597 518 1651 Cohortium
536 1597 617 1664 signa
634 1596 670 1649 ad
691 1577 763 1648 viam
782 1593 943 1663 quintanam
962 1594 1175 1665 collocabantur
1193 1595 1241 1661 (ci.
1260 1597 1325 1663 ln).

422 1690 534 1759 Super
551 1689 757 1743 subactares
776 1696 811 1740 et
828 1685 986 1753 reliquas
1010 1687 1182 1754 nationes]
1216 1689 1306 1756 Super
1323 1687 1353 1752 h„
1368 1705 1394 1744 c.

311 1840 313 1843 ,
352 1784 388 1837 ad
410 1785 482 1838 viam
501 1784 671 1850 quintanam.
716 1781 808 1836 Paulo
833 1791 915 1834 antea
933 1779 1114 1850 significabat
1135 1782 1170 1836 ad
1192 1781 1264 1837 uiam
1283 1781 1396 1851 sagula·

352 1895 422 1934 rem.
464 1879 535 1932 Nam
554 1879 685 1949 Hyginus
702 1877 786 1931 modo
805 1877 879 1945 iric,·
901 1877 985 1930 modo
1003 1876 1067 1932 illic
1091 1887 1207 1946 stantem
1225 1893 1256 1931 se
1279 1877 1412 1959 cogitat„

352 1974 523 2029 Subactum
546 1975 574 2028 h.
595 1973 616 2026 l.
643 1972 773 2044 restitui,
809 1975 1108 2029 carcerariorum.
1132 1971 1302 2042 (posteriore
1329 1972 1394 2024 loco

351 2083 451 2120 errore
468 2083 529 2120 meo
547 2068 711 2122 subactam
729 2067 883 2134 remansit).
928 2068 975 2121 Ex
996 2067 1127 2122 omnibus
1147 2065 1237 2122 tribus
1255 2065 1327 2120 locis
1344 2081 1395 2136 ap-

352 2170 444 2231 paret,
463 2159 573 2227 requiri
591 2177 646 2214 non
665 2177 764 2215 nomen
782 2161 933 2231 proprium
951 2161 1043 2229 gentis
1061 2172 1154 2215 certae
1171 2161 1322 2228 cujusdam,
1342 2160 1394 2214 sed

345 2254 452 2308 'nomen
471 2253 686 2322 appellativum,
703 2254 779 2322 quod
800 2269 888 2321 genus
907 2254 1047 2320 quoddam
1067 2254 1206 2327 nationum
1224 2255 1394 2325 complecta·

352 2358 408 2403 tur.
442 2347 628 2417 Rejicieudae
646 2347 739 2418 igitur
752 2359 816 2402 sunt
834 2351 1012 2417 conjecturae
1030 2349 1167 2410 Pontani‚
1187 2348 1237 2416 qui
1256 2351 1395 2403 Busactu·

352 2460 415 2509 ree,
434 2443 543 2510 Neratii,
570 2442 621 2510 qui
637 2449 677 2513 (p.
696 2444 769 2506 283.)
789 2444 995 2500 Summustures
1014 2441 1171 2514 proposuit.
1217 2441 1326 2496 Nomen
1344 2459 1395 2511 ap·

351 2537 517 2606 pellauvun
535 2537 646 2604 requiri
666 2538 737 2594 vidit
752 2541 946 2609 Burghesius,
974 2541 1025 2608 qui
1049 2527 1236 2595 summularer
1253 2547 1301 2593 aut
1318 2555 1395 2592 sum-

352 2633 493 2685 malura'os
511 2630 657 2685 scribebat
675 2634 713 2698 (v.
733 2633 932 2700 Kellermann‚
960 2636 1077 2704 uiqt'lum
1097 2636 1286 2688 Romanorum
1305 2633 1395 2686 luter·

353 2726 416 2780 culo
436 2726 506 2789 duo,
537 2734 596 2778 not.
616 2723 652 2776 ad
670 2723 755 2780 inser.
772 2727 861 2793 266),
893 2724 1109 2794 significarique
1133 2714 1167 2779 eo
1187 2705 1324 2792 uocabulo
1345 2740 1395 2780 au·

352 2818 427 2872 xilia
451 2817 569 2871 barbara
587 2817 730 2885 equestria
757 2817 883 2887 putabat.
906 2816 986 2884 »Sed
1009 2834 1108 2872 nomen
1132 2816 1205 2872 illud
1230 2816 1308 2871 omui
1329 2819 1394 2871 lun·

352 2912 482 2966 damnato
501 2921 588 2978 caret·
623 2912 695 2966 Nam
721 2910 751 2964 id
779 2910 989 2967 fundamentum
1016 2912 1075 2966 dici
1101 2928 1156 2967 non
1182 2922 1287 2980 potest,
1315 2912 1393 2980 quod
1439 2900 1440 2905 ἵ

351 3005 529 3073 Burghesius
547 3004 610 3075 ipse
624 3005 654 3058 in
673 3003 859 3073 inscriptione
876 3002 1225 3074 illa(uss.Ke11.)verba:
1243 3009 1336 3076 praef.
1350 3024 1392 3078 eq.

350 3118 507 3156 ammarum
525 3101 555 3154 in
574 3101 647 3155 huuc
663 3100 779 3171 modurn
794 3100 952 3169 supplevit:
971 3102 1060 3172 praef.
1078 3118 1123 3170 eq.
1143 3116 1311 3157 summarum
1329 3104 1393 3156 ula·
1419 3166 1425 3172 .

350 3214 424 3249 rum.
452 3196 617 3251 Subacturii
634 3197 682 3263 (de
700 3197 789 3251 forma
804 3196 839 3249 cl.
851 3198 1059 3262 subducimus,
1078 3199 1291 3263 mandatarius,
1309 3196 1393 3252 emis·
1486 3222 1489 3224 ·

351 3290 463 3350 aurius,
482 3288 601 3357 similia3
635 3291 726 3360 ipsum
744 3289 819 3343 illud
836 3290 1014 3353 rabaccanina
1032 3289 1139 3357 legitur
1157 3290 1187 3343 in
1205 3290 1392 3361 inscriptione
1456 3290 1460 3299 “

316 3376 320 3388 “
350 3382 425 3452 apud
445 3382 528 3438 Grut.
548 3385 609 3448 648,
628 3387 653 3440 8.
688 3387 721 3439 L·
742 3385 839 3440 Coelio
858 3385 892 3439 L.
910 3387 930 3452 f.
949 3385 1090 3439 Januura'o
1112 3385 1169 3438 viu.
1190 3387 1246 3438 Aa.
1267 3385 1345 3449 LXI.
1366 3388 1392 3436 Φ

352 3479 512 3532 Cleomenes
531 3477 681 3534 Coriariua
698 3480 885 3535 Subacturt‘us
904 3481 969 3534 Am.
984 3481 1019 3534 B.
1031 3479 1074 3534 Μ.
1090 3478 1168 3544 Cur.)
1188 3488 1269 3534 erunt
1285 3479 1391 3534 milites

305 3621 308 3625 .
350 3571 483 3640 gentibus
505 3588 556 3643 per
575 3573 666 3641 ipsum
685 3575 756 3629 belli
775 3585 884 3647 tempus
902 3575 1027 3632 subactis
1045 3573 1178 3645 imperati
1196 3573 1245 3642 (cl.
1263 3590 1293 3651 pc
1308 3576 1391 3642 112),

350 3667 476 3734 reliquae
500 3667 643 3734 nationes,
674 3683 748 3736 quae
773 3669 815 3724 eis
837 3677 1036 3740 opponuntur,
1067 3666 1131 3726 ,sine
1150 3666 1237 3721 dubio
1259 3652 1391 3722 suarina-

349 3761 443 3814 tiones
461 3774 525 3811 cum
543 3759 680 3816 Romanis
698 3763 815 3818 loedere
834 3766 1005 3832 conjunctae.
1053 3761 1194 3832 Polybius
1212 3778 1323 3830 quoque
1340 3779 1390 3817 aa·

351 3858 444 3909 tiones
461 3865 575 3908 exteras
592 3857 720 3923 generali
733 3858 851 3914 ¹nomine
868 3857 1033 3922 ἀλλοφύλους
1046 3867 1074 3912 et
1089 3852 1152 3918 robe
1164 3857 1194 3911 le
1205 3863 1297 3932 καιροῦ
1309 3875 1391 3932 προς·

349 3952 512 4018 γιγνομένους
529 3947 682 4015 συμμάχους
699 3955 829 4023 appellat
845 3957 883 4021 (6,
901 3956 967 4022 dh).
1321 4016 1328 4036 x

399 4042 590 4099 -Nationes
607 4048 897 4120 suprascriptae]
922 4050 1016 4118 Supra
1041 4046 1221 4103 referendum
1246 4049 1281 4103 ad
1302 4048 1389 4102 uerba
1434 4052 1440 4064 '

350 4140 512 4195 rumetum
528 4145 556 4194 et
575 4140 698 4211 reliquae
714 4145 860 4201 nationem
887 4143 1017 4202 Ceterum
1035 4141 1070 4197 cl.
1088 4141 1113 4199 2.
