3492 5242
828 679 909 754 lli
994 756 996 762 ,

350 878 516 957 antemna,
547 887 577 931 ut
595 877 676 946 regio
696 876 825 931 universa
843 876 873 929 in
896 886 1017 945 quatuor
1034 887 1125 932 rectos
1144 879 1261 947 angulos
1278 880 1387 936 divide·
1424 896 1425 900 ’

351 981 442 1024 retur.
477 969 584 1026 Quodsi
603 980 722 1038 quatuor
738 980 841 1040 puncta
857 969 898 1025 ita
914 967 967 1024 sita
984 979 1077 1037 eraut,
1105 956 1134 1025 ui
1150 972 1319 1027 lineisbiaa
1336 984 1388 1044 op-

352 1063 450 1133 posita
467 1067 613 1133 conjuncta
631 1064 659 1117 in
686 1075 804 1135 puncto,
836 1064 941 1132 inquo
964 1065 1056 1119 lineae
1073 1078 1105 1118 se
1127 1065 1269 1134 secabant,
1297 1075 1388 1121 rectos

351 1157 471 1224 auguros
489 1156 652 1224 efficerent,
680 1160 790 1213 stellam
813 1156 928 1211 efficere
950 1156 1117 1211 dicebantur
1132 1158 1223 1228 (Hygs
1246 1166 1389 1230 alpertus

351 1258 512 1304 castrorum
531 1251 562 1304 in
580 1257 726 1319 conspecta
743 1250 978 1326 riporiastellnm
995 1252 1126 1317 efficiant.
1161 1234 1206 1304 Cl.
1225 1250 1333 1307 Golom.
1350 1253 1388 1307 R.

351 1344 389 1398 R.
408 1345 435 1406 4,
453 1345 497 1410 26,
516 1340 547 1398 3.
568 1345 595 1410 1,
614 1346 656 1406 17,
674 1347 700 1399 l.
711 1346 768 1411 b).
809 1346 869 1399 lmo
886 1356 916 1400 et
933 1347 996 1415 ipsa
1013 1359 1109 1412 groma
1127 1344 1210 1398 stella
1227 1346 1389 1400 nominabo-

352 1447 415 1503 tur,
442 1447 473 1489 ut
489 1445 607 1505 apparet
624 1452 662 1489 ex
679 1438 744 1490 loco
760 1437 838 1493 Festi
856 1452 879 1490 s.
899 1453 924 1491 v.
943 1437 1099 1506 stellam'p.
1118 1438 1180 1493 351.
1216 1435 1333 1491 Stellam
1351 1440 1391 1492 si·

350 1531 490 1598 gnificare
513 1529 556 1583 uit
573 1532 675 1600 attejas
693 1531 792 1600 Capito
815 1531 916 1584 laetam
936 1537 962 1583 et
985 1531 1167 1600 prosperrimi
1197 1530 1390 1605 attoloritctem

352 1630 463 1678 secutas
483 1622 513 1677 P.
531 1622 654 1677 Seruilii
671 1624 806 1692 numeria,
826 1624 953 1686 stellam,
972 1639 1041 1692 quae
1060 1624 1207 1678 extamella
1225 1640 1323 1689 uersa,
1342 1625 1391 1678 ad-

352 1717 460 1770 similis
477 1717 578 1769 stellas
595 1717 667 1770 locis
684 1717 866 1784 inauguratis
885 1715 1030 1783 inligatur.
1066 1715 1128 1770 Ouo
1146 1714 1175 1769 in
1195 1715 1257 1770 ioco
1275 1716 1393 1770 alterum

352 1812 465 1864 stellam
484 1824 538 1862 non
555 1808 667 1875 eiiciam
684 1824 746 1861 cnm
764 1807 902 1873 Millero,
921 1806 989 1871 sed,
1008 1816 1113 1875 puncto·
1128 1816 1192 1878 post
1209 1809 1325 1878 asparis
1341 1822 1393 1878 po·

352 1902 424 1964 sito,
442 1902 523 1969 lego:
559 1903 666 1967 Stella,
685 1917 754 1971 qnae
771 1918 805 1954 es
823 1900 939 1953 lamella
958 1897 1008 1964 (itu
1026 1914 1098 1952 corr·
1117 1899 1237 1955 Ursinus
1256 1900 1394 1971 probante

354 1995 492 2062 Miillero)
512 2012 610 2059 aerea,
647 1993 792 2048 adsimilis
810 1993 932 2059 ¹stellae,
967 1993 1039 2046 locis
1058 1993 1235 2062 inauguratis
1251 1995 1393 2071 inligatas.
1415 2034 1419 2038 «

297 2126 299 2129 .
353 2087 461 2142 Stellae
486 2087 577 2155 figura
601 2084 805 2157 posterioribus
829 2083 1003 2155 temporibus
1025 2082 1054 2137 in
1080 2085 1156 2155 palis
1180 2088 1395 2143 consecrabatur

354 2180 403 2248 (cl.
424 2181 482 2250 Gaj.
500 2190 528 2235 et
546 2179 657 2234 Theoi.
676 2181 736 2235 163.
755 2181 816 2235 305.
836 2179 943 2244 Goes.).
989 2180 1065 2235 Festi
1086 2181 1178 2235 locum
1197 2183 1222 2236 si
1241 2200 1302 2237 eum
1320 2184 1394 2252 glos·

353 2274 440 2329 sariis
457 2288 665 2345 comparamus,
688 2283 821 2343 apparet,
849 2273 1008 2327 constitisse
1027 2288 1151 2340 gromam
1170 2290 1208 2328 ex
1226 2276 1301 2330 tubis
1320 2276 1395 2330 binis

354 2365 448 2420 aereis
467 2366 495 2419 in
520 2366 634 2420 formum
658 2380 777 2433 graecae
793 2363 895 2418 literae
912 2366 942 2418 X
960 2365 995 2418 ad
1018 2366 1249 2436 perpendiculum
1265 2368 1395 2423 decussa-

356 2461 404 2517 tis.
449 2460 521 2514 Tale
542 2461 752 2517 instrumentum
771 2459 883 2512 stellans
906 2458 1046 2529 appellari
1069 2461 1195 2530 potuisse
1217 2477 1278 2515 cum
1298 2478 1350 2533 per
1366 2476 1397 2516 se

356 2553 506 2625 probabile
523 2554 575 2616 sit,
612 2563 669 2609 tum
687 2551 754 2606 inde
772 2552 881 2615 elucet,
915 2551 992 2619 quod
1011 2552 1168 2608 Columella
1184 2551 1396 2610 instrumentum
1506 2614 1507 2617 Ἴ

356 2665 394 2702 ex
411 2648 519 2702 duabus
538 2646 645 2715 regulis
664 2645 693 2699 iu
711 2647 828 2699 sormam
847 2661 968 2712 graecae
985 2646 1085 2701 literae
1102 2648 1132 2700 X
1148 2646 1396 2703 decussatiscom-

356 2741 477 2812 positum
497 2750 524 2794 et
542 2739 633 2809 ipsum
653 2738 763 2791 stellam
782 2737 908 2791 nominat
926 2738 974 2802 (R.
994 2737 1029 2792 R.
1047 2742 1073 2799 3,
1091 2741 1134 2805 13,
1155 2742 1287 2802 rma).
1337 2738 1397 2794 Tu·
1436 2797 1439 2805 ,

358 2834 410 2887 bos
428 2818 515 2888 luisse
530 2829 680 2901 probabile
693 2841 751 2896 est,
768 2828 837 2897 quia
853 2828 960 2882 limites
971 2831 1126 2898 ‘assipnars
1140 2832 1174 2885 in
1191 2849 1309 2901 proma
1322 2831 1396 2887 otei-

358 2939 405 2985 tur
420 2931 491 2995 (111.
505 2926 610 2992 Goes.).
635 2924 800 2978 Pouebatur
814 2931 905 2976 autem
924 2935 1022 2987 gnoma
1035 2922 1065 2975 ia
1084 2925 1256 2988 ferramento
1273 2925 1396 2992 quodam

359 3023 448 3091 (llyg.
466 3022 538 3092 quod
555 3049 586 3064 -
603 3020 696 3089 posito
713 3020 744 3072 in
762 3019 855 3072 codem
874 3016 936 3069 loco
958 3017 1143 3082 ferramento,
1176 3035 1276 3088 proma
1297 3036 1396 3091 sapert-

356 3123 484 3186 ponalar.
509 3099 647 3170 usstass!
668 3122 744 3168 recte
763 3108 862 3164 vertit:
882 3109 1079 3178 susspectus),
1097 3110 1186 3177 idque
1203 3113 1241 3167 ob
1258 3126 1319 3167 eam
1334 3113 1397 3168 sine

359 3210 448 3263 dubio
465 3222 591 3273 causam,
620 3215 650 3259 ut
668 3203 816 3259 fixaesset
838 3217 935 3269 groma
953 3211 981 3255 et
998 3219 1035 3256 ex
1052 3204 1196 3263 voluntate
1213 3206 1352 3263 mensoris
1367 3205 1396 3260 in

358 3302 513 3371 quamlibet
531 3301 673 3370 regionem
693 3299 782 3368 dirigi
807 3306 910 3366 posset.
963 3294 1039 3349 ilinc
1062 3296 1133 3350 duos
1156 3297 1187 3351 in
1206 3313 1257 3354 usu
1282 3315 1400 3373 gromae}

359 3412 472 3451 errores
495 3395 647 3462 distinguit
664 3395 741 3464 llyg.
762 3393 798 3446 de
815 3390 888 3445 Lim.
907 3389 1001 3445 coast
1022 3392 1079 3444 177.
1117 3392 1219 3446 Quodsi
1235 3399 1282 3446 ont
1302 3395 1396 3460 ferra·

359 3493 445 3546 menti
462 3492 574 3555 uitium,
604 3496 652 3543 aul
670 3488 865 3560 conspiciendi
881 3502 953 3542 uana
970 3486 1282 3555 iaeritcontemplalia.
1304 3504 1306 3509 ’
1326 3484 1397 3540 Fer-

359 3595 511 3640 ramentum
539 3594 771 3637 commemoratur
799 3590 946 3652 praeterea
974 3581 1012 3635 ib.
1036 3581 1096 3635 168.
1129 3580 1212 3634 Auct.
1235 3577 1286 3637 de·
1300 3580 1396 3637 varas.

359 3678 452 3733 Flam.
472 3678 635 3733 isi-28⁷.
665 3678 747 3730 Auct.
770 3674 830 3729 lac.
854 3674 907 3729 118
925 3687 967 3739 sq.
1019 3671 1095 3727 Quos
1121 3670 1202 3726 locos
1234 3670 1284 3737 aui
1309 3679 1395 3725 accu-

359 3780 419 3824 rate
438 3768 553 3838 legerit,
586 3768 735 3832 concedet,
764 3768 967 3833 ferramentum
983 3775 1010 3821 et
1032 3771 1181 3827 telranism
1204 3763 1319 3819 eandem
1337 3775 1395 3820 r'em

359 3880 429 3919 esse.
477 3865 570 3928 Atque
588 3872 617 3915 ut
635 3862 664 3914 in
684 3869 781 3914 nostro
803 3859 866 3912 loco
889 3855 965 3909 dixit
982 3857 1127 3928 Hyginus,
1155 3872 1282 3928 promam
1299 3868 1395 3932 suaper.

358 3959 427 4029 poni
447 3959 632 4024 ferramento,
660 3953 701 4009 ita
723 3953 760 4008 de
778 3953 851 4008 Lim.
870 3953 964 4007 Const.
984 3953 1042 4006 161.
1061 3951 1149 4007 dixit:
1182 3951 1278 4010 Siael
1300 3953 1331 4009 t'n
1348 3970 1396 4006 cs·

359 4053 430 4107 stris
447 4067 546 4120 proma
561 4050 675 4119 ponitur
691 4051 721 4103 in
738 4056 898 4110 latrantem,
922 4050 960 4102 ud
977 4062 1058 4117 qaam
1075 4048 1149 4101 uelut
1167 4048 1205 4101 od
1222 4049 1315 4113 loram
1330 4063 1396 4100 con-

360 4147 477 4201 venitur.
528 4143 598 4199 Sine
626 4142 714 4198 dubio
739 4143 935 4199 ferramentum
964 4139 1036 4195 iliud
1064 4148 1123 4194 erst
1147 4155 1242 4197 mensa
1267 4138 1395 4203 rotunda,

361 4256 398 4292 ex
417 4248 513 4293 centro
531 4239 560 4292 in
586 4237 705 4306 angulos
721 4247 815 4290 rectos
834 4233 1014 4300 minoresque
1032 4233 1117 4288 etiam
1143 4242 1236 4302 partes
1252 4229 1394 4289 distincta.

1126 4346 1183 4415 10*
