3492 5242
845 667 913 767 ,25

327 933 331 940 1
364 873 407 937 lii
429 872 569 937 Zancleii
589 874 634 950 ⁶⁹)
669 870 896 939 intercessisse
929 897 1063 941 necesse
1091 883 1151 940 est.
1207 873 1337 940 Etenim
1368 875 1402 941 in

363 980 477 1046 codice
490 979 667 1046 Barberino
682 985 778 1048 1546.
801 984 882 1049 haec
904 975 1002 1050 verha
1023 983 1195 1072 leguntur:
1218 987 1283 1050 Istc
1303 987 1403 1052 corten

362 1089 436 1170 fnit
469 1087 585 1154 iacobi
614 1090 742 1154 Metelli
772 1092 924 1175 Sequani.
979 1093 1034 1158 Ex
1070 1095 1255 1161 Florentino
1293 1096 1404 1161 codice

362 1215 449 1261 corr.
476 1217 515 1261 en
538 1197 622 1262 Coi.
645 1199 774 1268 Galerii
793 1205 927 1270 illaesae
953 1212 987 1269 et
1013 1223 1052 1268 en
1074 1203 1155 1269 Cori.
1184 1249 1192 1267 .
1218 1251 1225 1267 .
1249 1251 1258 1268 .
1283 1249 1291 1267 .
1316 1207 1402 1270 Zan-

361 1305 492 1384 cliiii).
536 1306 625 1372 Hinc
653 1321 803 1398 apparet,
833 1313 963 1378 codices
986 1311 1112 1380 Galesii
1132 1292 1320 1376 Massaeet
1340 1312 1402 1376 Ba·

361 1398 431 1476 silii
453 1412 592 1480 Zanchii
614 1417 760 1485 diversos
782 1421 885 1487 luisse
907 1447 925 1486 a
947 1421 1059 1487 codice
1081 1419 1285 1486 Florentino.
1329 1419 1402 1485 Nee
1526 1506 1530 1510 ⁵

361 1519 497 1604 duhito,
518 1527 710 1612 pracsertim
732 1552 807 1592 cum
830 1528 932 1594 codex
953 1529 1010 1595 ille
1032 1527 1231 1592 Barhcrirrus
1253 1526 1402 1593 lihellnm

359 1629 402 1692 ‹le
422 1639 603 1696 castrorum
624 1637 801 1698 munitione
821 1634 950 1722 aliaque
972 1634 1148 1710 nonnulla,
1182 1660 1264 1723 quae
1289 1635 1325 1699 iu
1348 1660 1402 1700 ex·
1476 1665 1479 1681 ·

360 1742 561 1831 emplarihus
594 1743 810 1809 recentiorum
840 1745 1106 1835 compilationum
1128 1746 1264 1826 desunt,
1298 1742 1402 1833 couti·

358 1862 438 1916 neat
458 1855 520 1935 ⁷¹),
549 1850 630 1939 quin
659 1850 787 1917 codices
803 1851 935 1919 ¹Galesii
962 1853 1090 1928 Massac
1121 1863 1153 1918 et
1174 1852 1290 1917 Basilii
1314 1851 1401 1916 Zan-

357 1943 428 2038 chii
457 1959 633 2046 genuinam
666 1969 699 2024 et
737 1960 904 2049 antiquam
941 1961 1167 2027 recensionem
1198 1954 1401 2049 Nypsianam

356 2067 576 2132 exhibuerint.
624 2048 926 2133 Commemorantirr
947 2080 1112 2158 praeterea
1134 2070 1168 2134 hi
1186 2069 1314 2135 codices
1337 2092 1401 2134 una

307 2224 309 2230 ι
356 2176 393 2242 in
415 2178 525 2243 coelice
547 2178 800 2261 Guelferhytono
829 2179 952 2244 saeculi
974 2160 1088 2263 xvi,
1120 2203 1216 2268 quem
1247 2179 1341 2269 litera
1372 2180 1401 2243 Ο

356 2284 504 2372 signavi,
532 2285 590 2373 qui
618 2277 800 2350 lihrum'de
828 2286 1064 2351 munitionibus
1094 2296 1272 2363 castrorum
1296 2285 1425 2351 conti·

356 2404 426 2464 net.
470 2388 679 2480 lu‘margine
703 2392 788 2457 euim
810 2392 883 2478 ejus
913 2393 1099 2458 adnotatum
1123 2404 1206 2458 est:¹
1228 2395 1282 2458 Ex
1304 2398 1409 2462 Anto.
1487 2469 1489 2476 Ι

354 2506 407 2567 nii
425 2502 553 2567 Galerii
570 2506 703 2591 Marsae
723 2501 795 2565 eorl.
818 2508 850 2565 et
864 2503 986 2566 Basilii
1001 2502 1135 2566 Zancli.
1181 2499 1280 2584 Quod
1299 2524 1398 2590 prop·

354 2621 407 2675 ter
428 2611 636 2697 conjunctam
659 2611 776 2673 horum
799 2607 947 2672 codicum
970 2610 1306 2676 commemorationem
1322 2634 1398 2676 eon·

350 2719 559 2806 jener-amus,
596 2718 742 2783 codicem
771 2714 896 2780 Galesii
928 2714 1057 2781 Massae
1086 2723 1246 2784 vetustum
1279 2721 1396 2805 fuisse,

338 2822 398 2896 eir
428 2853 532 2918 eoque
554 2827 714 2894 Basilium
737 2826 920 2893 Zauchiurh
950 2828 1172 2917 apographum
1201 2813 1396 2912 coniecisse,

353 2939 391 3005 id
413 2938 545 3028 egregie
566 2963 584 3003 a
609 2937 773 3004 Seriverio
796 2937 980 3004 confirmari
1002 2937 1155 3015 vidimus,
1179 2937 1292 3026 quiin
1314 2937 1395 3003 iolio

353 3051 389 3120 6.
403 3047 510 3114 codici
524 3046 705 3112 Arceriano
723 3046 880 3136 praefixo,
895 3045 951 3110 uhi
963 3045 1068 3112 varias
1086 3046 1122 3111 in
1132 3042 1265 3134 Hygino
1282 3044 1395 3111 lectio·

353 3180 415 3222 nes
437 3155 580 3221 scrihere
603 3156 785 3238 inchoavit,
815 3157 894 3219 haee
923 3155 1133 3244 perscripsit:
1170 3159 1292 3240 Incipit
1314 3156 1394 3220 liber·

352 3270 484 3350 Hygini
521 3265 716 3350 gromatici]
748 3267 805 3329 Sic
841 3264 995 3329 disertius
1030 3272 1160 3330 nostroe
1194 3264 1394 3330 mernbronae

353 3373 515 3470 (codicem
540 3371 757 3438 Arccrianum
785 3370 899 3451 dicit).
959 3374 1189 3456 Apogroplinnt
1221 3375 1392 3438 Wouoecu-
1471 3424 1472 3427 ¹

352 3506 430 3550 neom
467 3486 533 3562 (cst
560 3480 661 3546 codex
689 3483 731 3562 C)
764 3505 810 3548 ex
837 3488 989 3548 recent.
1019 3483 1186 3560 Basilii
1215 3483 1411 3552 Znncirii,

353 3592 501 3659 codice
530 3593 828 3674 manuscripto,
865 3589 936 3655 sed
972 3610 1020 3653 en
1047 3593 1185 3655 aeteri
1218 3593 1392 3654 Antonii

420 3791 466 3851 69)
483 3788 625 3843 'Basilius
643 3798 704 3843 erat
721 3786 847 3857 scriptor
865 3786 1058 3842 bibliothecae
1076 3787 1245 3857 Vatieauae;
1265 3799 1391 3844 mortuns

350 3897 487 3943 estanuo
507 3887 581 3942 1558.
618 3884 655 3940 V.
674 3885 776 3940 Blnme
792 3903 821 3956 p.
840 3886 907 3958 218,
927 3874 982 3939 not.
1003 3886 1056 3950 81).
1460 3951 1463 3955 st

421 3983 466 4046 so)
502 3980 538 4036 V.
558 3981 659 4035 Blume
681 4000 709 4053 p.
731 3983 796 4046 211,
816 3983 861 4047 i).
896 3981 1028 4037 Metellus
1050 3980 1196 4045 Sequanos
1220 3977 1283 4047 ipse
1305 3986 1389 4032 testa-

324 4114 326 4119 s
351 4083 416 4140 tur,
440 4090 473 4128 se
492 4073 618 4128 codicem
638 4073 835 4128 Florentinum
859 4073 1048 4145 descripsisse
1066 4073 1096 4127 in
1121 4071 1192 4127 solio
1212 4072 1389 4129 15011οά1-

351 4169 394 4223 cis
413 4168 689 4239 palatino-vaticani.
728 4167 767 4224 Vr
784 4169 885 4223 Blume
904 4187 932 4241 p.
953 4172 1010 4226 185.

421 4267 466 4328 11)
503 4263 539 4319 V.
557 4263 659 4318 Blume
677 4280 704 4333 p.
723 4264 790 4334 mr,
809 4266 846 4328 2).
865 4265 926 4324 113.
