3492 5242
768 651 920 761 3³⁰1

352 858 422 923 tori.
437 856 560 924 codicis
581 860 610 922 B
639 866 712 922 ante
739 855 854 922 oculos
876 851 976 919 luerit
996 853 1054 932 92).
1101 852 1200 937 Quod
1219 877 1396 944 argumen-

352 975 429 1032 tum·
449 964 549 1031 simul
576 987 632 1029 eos
659 963 808 1048 refellet>
839 961 898 1053 qui
928 961 1077 1029 codicem
1107 964 1197 1028 Bex
1225 963 1397 1035 ‘codiceC

354 1072 786 1157 ductnmexistimaveriut,
810 1069 1017 1162 aequemus,
1039 1069 1193 1160 quicum
1215 1095 1257 1136 ex
1277 1074 1395 1143 codice

350 1180 531 1251 Btssbtfiw
568 1181 651 1249 1546
671 1183 741 1267 ⁹³),
775 1191 830 1247 aut
867 1204 909 1252 ex
943 1181 1018 1270 ir>⁸⁰
1053 1181 1240 1268 apograph.
1276 1180 1397 1250 flubii

236 1314 243 1329 *
354 1289 495 1356 Zuucbii
517 1289 739 1380 repetiverint.
783 1286 863 1354 Nec:
882 1284 982 1377 puto,
1016 1287 1047 1352 si
1067 1288 1131 1352 boc
1155 1288 1327 1377 posterius¹
1344 1291 1393 1357 fu-

353 1399 452 1484 isset,
484 1399 608 1481 codicis
636 1402 666 1465 B
699 1397 920 1487 scriptorem,
945 1395 1002 1485 qui
1031 1395 1110 1461 satis
1138 1394 1339 1484 diligentem
1359 1422 1395 1467 se

311 1552 314 1559 ,
349 1508 520 1600 praebuit,
550 1510 613 1574 boc
634 1505 787 1573 adnotare
807 1505 985 1591 obliturum
1013 1504 1128 1569 luisse.
1173 1504 1275 1577 Nttil
1288 1505 1394 1594 igitur

347 1619 416 1704 jum
439 1626 560 1701 restat,
588 1615 654 1681 nisi
674 1625 711 1680 ut
732 1614 879 1680 codicem
900 1617 929 1679 B
949 1637 991 1681 ex
1004 1642 1006 1647 ·
1018 1613 1091 1700 ipso
1113 1622 1240 1680 vetusto
1263 1614 1393 1685 Galerii

350 1724 481 1792 Mrssae
503 1723 615 1790 codice
638 1722 836 1811 descriptum
860 1744 932 1787 esse
954 1731 1145 1789 statuamus.

436 1834 592 1901 Codicum
620 1843 726 1898 autem
759 1830 995 1915 Galesianum,
1033 1854 1131 1921 quem
1159 1833 1200 1898 ad
1227 1857 1393 1907 summum

350 1944 412 2010 Xl.
447 1953 502 2009 aut
529 1943 610 2009 XII.
644 1938 774 2033 saeculo
804 1936 989 2003 adscribere
1020 1961 1196 2027 possumus
1216 1946 1288 2027 ⁹⁴),
1323 1967 1392 2011 nou

350 2078 435 2120 esse·
451 2054 584 2119 ductum
612 2075 654 2116 ex
674 2048 855 2116 Arceriauo
878 2048 961 2126 ¹iude
984 2049 1108 2134 elucet,
1139 2051 1229 2141 quod
1259 2051 1392 2120 codices
1424 2075 1433 2083 “

268 2243 270 2245 ¹
348 2135 433 2230 ‘bct
454 2164 501 2247 C,
533 2160 592 2251 qni
612 2182 701 2224 nuuc
724 2155 892 2222 Galesiaui
918 2156 1007 2222 vices
1036 2158 1218 2245 sustinent,
1245 2159 1335 2229 inter
1355 2187 1391 2229 se

350 2273 561 2338 concinentes
585 2269 625 2334 cb
646 2264 821 2332 Aroes-iani
850 2264 1048 2331 lectionibus
1070 2268 1259 2359 saepissime
1288 2271 1391 2363 inque

349 2384 448 2449 rebus
484 2380 571 2447 baud
598 2402 676 2445 sane
709 2377 838 2443 levibus
869 2377 1057 2467 discrepant
1079 2383 1136 2457 ⁹⁵).
1193 2380 1247 2446 Ex
1275 2382 1392 2448 eodem

350 2504 457 2557 autem
478 2491 654 2577 archetypo
684 2494 717 2550 et
738 2484 950 2549 Galesiauum
971 2493 1004 2548 ct
1024 2485 1242 2554 Arceriauum
1274 2490 1391 2558 ductos

350 2625 423 2686 esse
449 2598 545 2664 facile
575 2609 625 2661 est
657 2593 697 2659 ad
726 2594 1023 2662 demonstrandum.
1067 2598 1120 2663 Ac
1147 2597 1290 2689 primuni
1319 2602 1392 2691 qui·

349 2710 444 2794 dem,
478 2731 551 2773 eum
580 2705 762 2792 fragmenta
792 2705 1033 2790 mathematice,
1064 2731 1147 2796 quae
1170 2720 1203 2775 et
1229 2708 1267 2774 iu
1286 2709 1391 2778 Arce·

350 2817 443 2884 riano
474 2827 507 2883 et
537 2815 571 2880 in
605 2812 781 2877 Galesiano
814 2823 888 2877 autc
926 2812 1048 2879 librum
1080 2815 1120 2882 dc
1152 2813 1391 2887 munitionibus

351 2938 531 2994 castrorum
560 2922 738 3009 leguntur,
766 2918 922 2985 foliorum
942 2924 1110 3015 archetypi
1136 2912 1391 3018 transpositione

351 3060 391 3102 eo
413 3033 602 3125 pervenisse
623 3031 758 3098 necesse
781 3030 825 3097 sit
844 3036 911 3116 96),
942 3035 1057 3123 magni·
1074 3059 1153 3102 saue
1168 3042 1329 3128 promenti
1348 3042 1391 3109 ad

271 3312 273 3317 Ι
418 3239 463 3297 92)
500 3236 580 3290 Haud
610 3237 670 3289 seio
698 3252 732 3289 an
762 3236 813 3289 boc
836 3254 869 3290 ea
887 3255 999 3308 quoque
1028 3256 1059 3294 re
1082 3240 1236 3310 probetur,
1263 3245 1339 3312 quod
1358 3245 1389 3300 iu

351 3333 453 3387 codice
470 3334 498 3389 B
516 3332 689 3401 subscriptio
707 3331 799 3387 literis
819 3331 973 3400 grandibus
992 3334 1184 3402 (capitalibus)
1210 3336 1321 3410 scriptu
1337 3334 1390 3411 os't,

351 3447 413 3491 cum
432 3430 461 3484 in
480 3431 544 3484 cod.
566 3431 589 3484 0
608 3429 701 3484 literis
718 3428 882 3482 minusculis
898 3427 1005 3498 scripte
1022 3427 1068 3482 sit.

368 3555 372 3563 ·
419 3528 465 3590 93)
502 3524 537 3580 V·
557 3539 644 3592 supra
659 3541 689 3594 p.
707 3525 751 3579 23.

415 3606 466 3683 ι94)
502 3618 538 3672 V.
559 3632 625 3688 pag.
645 3619 688 3672 26.

409 3712 465 3776 ’95)
500 3710 641 3780 Exemplo
672 3710 804 3766 lectionis
833 3708 958 3764 varietas
986 3710 1186 3782 suppeditabit.
1228 3713 1271 3768 Ea
1296 3726 1388 3773 cutem

352 3816 394 3860 tot
411 3817 543 3871 tantaque
563 3817 641 3873 sunt,
659 3815 688 3860 ut
706 3822 740 3859 ue
758 3805 788 3859 id
808 3805 922 3873 quidem
939 3806 1089 3875 probabile
1107 3805 1162 3872 sit,
1182 3807 1294 3865 codices
1313 3813 1341 3865 B
1359 3825 1388 3869 ct

353 3901 376 3955 0
400 3917 438 3953 ex
461 3900 561 3955 codice
583 3900 744 3968 descriptos
768 3914 848 3964 esse,
876 3898 926 3966 qui
956 3899 1018 3969 ipse
1045 3916 1082 3954 ex
1105 3882 1262 3956 Arccricoo
1288 3905 1388 3962 ductus

243 3983 251 3992 ¹
352 3995 450 4048 luerit.
487 3994 659 4048 Arcerianus
685 3993 760 4047 enim
779 4003 834 4048 tam
856 3991 1009 4061 perspicue
1027 4009 1060 4048 ac
1086 3996 1178 4051 nitide
1195 3996 1318 4067 scriptus
1335 4007 1388 4062 cst,

353 4099 384 4144 ut
410 4088 592 4158 corruptelae
623 4098 716 4142 tautae
745 4085 776 4139 iu
803 4083 918 4140 codices
940 4103 982 4142 ex
1004 4103 1041 4142 co
1066 4088 1228 4163 descriptos
1254 4092 1387 4149 invadere

352 4200 407 4236 uon
427 4182 576 4252 potuerint.

421 4279 466 4339 96)
502 4277 538 4334 V.
557 4275 632 4330 inira
650 4290 715 4346 pag.
733 4276 769 4331 ³5
785 4290 828 4345 sq.
