3492 5242
731 649 733 655 .
841 643 984 773 1001,

368 865 404 920 tis
422 866 545 919 numeris
561 864 620 919 suis
641 865 715 921 locis
734 865 878 921 constituit
896 865 944 932 (cl.
961 866 1004 920 23.
1024 865 1066 920 45.
1084 866 1139 930 ts).
1187 865 1246 920 Sed
1273 867 1328 923 luas
1347 868 1412 924 duas

366 972 461 1030 partes
479 974 513 1015 ea
532 976 563 1012 re
579 960 723 1030 paululum
742 959 873 1014 confudit
891 959 1037 1030 Hyginus,
1055 942 1144 1026 *quod
1163 959 1294 1014 rationes
1312 961 1410 1032 copis·

366 1069 442 1117 rum,
475 1066 546 1118 quae
565 1051 593 1105 in
611 1028 756 1107 retentura
774 1050 905 1116 tendunt,
937 1067 992 1104 nou
1011 1051 1040 1104 in
1058 1051 1149 1121 prima
1171 1062 1255 1121 parte
1274 1054 1410 1124 exposuit

364 1145 424 1211 (ubi
444 1161 503 1214 par.
523 1148 563 1201 19.
589 1148 773 1216 exponendae
791 1148 898 1212 eraut),
930 1145 980 1198 sed
1001 1144 1030 1197 in
1053 1144 1175 1199 secunda
1196 1156 1296 1216 parte,
1328 1164 1408 1215 quam

363 1240 399 1294 ab
418 1241 589 1310 repetitione
610 1257 722 1308 eorum,
754 1239 850 1309 quiin
874 1234 995 1306 siugulis
1018 1250 1171 1293 castrorum
1195 1241 1329 1311 partibus
1350 1253 1406 1299 teu·

363 1336 432 1390 dere
449 1335 583 1401 debeant,
612 1335 725 1389 orditur
741 1334 795 1401 (23.
815 1334 885 1398 24),
917 1333 956 1385 ibi
976 1334 1089 1402 attulit,¹
1112 1335 1161 1387 ubi
1178 1337 1215 1387 ad
1235 1346 1405 1391 retenturam

363 1433 601 1499 pervenerat-05.
620 1432 684 1495 33).
711 1426 895 1496 Negligentia
916 1427 946 1482 id
966 1429 1067 1482 lactum
1085 1444 1141 1482 non
1160 1439 1219 1496 est;
1246 1429 1313 1501 ipse
1333 1431 1403 1485 euim

363 1527 429 1591 (ut.)
447 1524 594 1590 concedit,
622 1522 732 1590 aliquot
750 1521 874 1575 rationes
893 1523 975 1576 etiarn
995 1526 1076 1579 finita
1095 1537 1174 1595 parte
1198 1527 1294 1595 prima
1313 1546 1403 1584 neces·

249 1631 252 1636 ·
361 1619 451 1672 sarias
470 1633 536 1671 esse
555 1618 676 1681 suturas,
708 1632 812 1683 easque
835 1632 866 1669 se
885 1618 944 1670 suis
967 1618 1039 1670 locis
1059 1620 1209 1674 relaturum
1230 1620 1315 1679 dicit.
1360 1624 1403 1677 lu·

361 1711 467 1766 dicavit
486 1712 574 1779 igitur
592 1713 696 1778 locum,
731 1711 847 1768 abibas
864 1713 988 1767 rationes
1007 1715 1157 1784 exposuit,
1191 1714 1350 1784 aptiorem,
1377 1725 1402 1771 et

361 1817 420 1860 erat
444 1820 525 1868 sune,
560 1807 627 1871 quia
649 1804 723 1857 ratio
747 1804 898 1872 redigendi
924 1806 1030 1860 numeri
1051 1808 1207 1862 cohortium
1231 1811 1402 1883 equestrium

360 1900 395 1952 ad
415 1916 556 1953 numerum
575 1898 701 1966 peditum
724 1897 885 1965 pertinebat
907 1899 942 1950 ad
961 1899 1049 1969 ipsam
1073 1903 1297 1971 inceptationem
1321 1917 1402 1961 mata·

361 1993 446 2047 tionis
465 1996 518 2057 (23.
539 1993 574 2046 cl.
592 1997 657 2056 Si).
693 1992 793 2059 Itaque
817 1995 955 2060 quiahoc
981 1998 1010 2051 in
1029 2004 1111 2067 parte
1134 1997 1257 2050 secu‘nda
1282 2010 1401 2055 tractau-

359 2088 425 2140 dum
445 2097 520 2151 erat,
554 2086 667 2153 videtur
690 2086 815 2152 reliquas
835 2087 958 2143 rationes
982 2091 1125 2159 copiarum
1148 2091 1361 2147 retendeutium
1375 2105 1401 2149 st

358 2180 434 2250 ipsas
452 2180 492 2234 ibi
513 2181 695 2251 exposuisse,
727 2192 757 2237 ut
774 2200 829 2237 uuo
848 2185 942 2239 omnia
961 2196 1110 2255 conspectu
1130 2185 1256 2253 intelligi
1278 2197 1400 2255 possent.

358 2273 454 2328 Tertia
472 2276 595 2342 denique
613 2286 694 2346 parte
713 2278 859 2344 (48-58.)
879 2278 1015 2348 exposuit
1031 2278 1212 2333 munitionem
1232 2290 1399 2347 castrorum,

357 2369 413 2424 soli
435 2370 619 2435 electionem,
654 2381 742 2425 artem
765 2372 928 2439 iniquitates
954 2377 1079 2428 locorum
1106 2371 1212 2427 vitandi
1238 2376 1322 2438 (²2).
1361 2375 1400 2431 Its

357 2478 459 2516 nexum
482 2463 567 2517 totius
592 2462 685 2515 libelli
710 2463 866 2516 accuratius
885 2465 954 2517 mihi
980 2466 1158 2520 intellexisse
1177 2476 1206 2520 et
1228 2467 1399 2537 exposuisse

249 2564 252 2569 ’
355 2557 471 2624 videor,
502 2572 583 2624 quam
596 2572 619 2608 a
637 2556 753 2611 Schelio
771 2559 872 2613 factum
891 2571 951 2614 erat
969 2562 1053 2632 (prol.
1075 2579 1103 2632 p.
1122 2563 1155 2615 44
1166 2561 1258 2628 sqq-i,
1288 2563 1342 2629 qui
1359 2573 1398 2618 to·

356 2651 413 2706 tius
432 2649 502 2703 libri
522 2650 591 2704 duas
611 2660 705 2721 partes
723 2654 838 2716 (1-29.
855 2656 995 2719 stt-ss.)
1021 2665 1049 2708 et
1067 2655 1163 2709 decem
1182 2654 1276 2722 capita
1294 2659 1432 2721 (1-5‚‘·

355 2752 452 2818 6-13,
471 2750 587 2810 lt-ls,
607 2750 723 2809 rt-tu‚
740 2750 855 2814 30-33,
873 2750 990 2828 34-33,
1009 2751 1126 2815 37-41,
1144 2750 1264 2810 42-47,
1283 2751 1397 2817 48-66,

269 2880 272 2887 ·
356 2842 481 2908 tut-58.)
500 2844 654 2898 constituit.
689 2842 887 2910 Paragraphos
906 2841 967 2910 ipse
985 2841 1078 2896 textui
1096 2841 1249 2912 adscripsi.

424 2937 458 2990 ln
476 2939 567 3006 prima
584 2946 612 2990 et
629 2936 710 2990 tertia
736 2944 817 3006 parte
836 2936 974 3006 Hyginus·
995 2937 1023 2988 in
1048 2951 1126 2990 usum
1151 2951 1231 2992 suum
1257 2940 1397 2996 conuertit

356 3031 466 3096 omnia,
493 3046 565 3097 quae
587 3039 718 3084 auctores
742 3029 779 3082 de
804 3029 1008 3098 compositione
1025 3040 1055 3084 et
1070 3029 1224 3084 munitione
1241 3042 1397 3088 castrorum

209 3131 211 3136 '
300 3169 302 3173 .
354 3124 528 3179 aestivalium
547 3123 772 3194 perscripserunt
791 3124 845 3190 (ts.
864 3126 934 3191 48.);
969 3124 1020 3177 sed
1037 3111 1186 3178 secuudum
1208 3135 1319 3193 partem
1337 3127 1398 3196 ipsa

354 3219 392 3272 de
407 3233 458 3272 sao
475 3216 596 3271 addidit.
640 3216 684 3269 ild
708 3232 769 3270 eam
792 3217 867 3269 enim
889 3217 1039 3272 reserenda
1061 3227 1141 3284 sunt,
1169 3233 1242 3285 quae
1259 3220 1304 3276 46.
1322 3221 1397 3276 scri·

244 3329 252 3337 ·
354 3313 415 3368 bitr
453 3312 603 3381 Principia
627 3311 658 3363 in
682 3310 761 3364 omaa‘
785 3311 969 3379 inceptats'oue
991 3311 1152 3367 metationis
1170 3313 1217 3376 (cf.
1237 3315 1295 3380 33.)
1323 3317 1397 3372 mri-

354 3407 551 3460 baado'nullus
569 3412 669 3461 auctor
686 3407 717 3460 ia
735 3405 804 3459 luae
823 3407 897 3460 diem
916 3408 1048 3474 ostendit,
1074 3414 1191 3477 propter
1209 3410 1283 3476 qaod
1296 3399 1396 3478 epira,

353 3499 570 3554 sollicitudinem
594 3506 721 3554 nostrum
744 3500 827 3591 dique
844 3499 897 3553 titt
916 3501 1096 3569 placiturum.
1142 3500 1197 3594 Qui
1216 3511 1314 3556 autam
1333 3503 1396 3558 lue·

352 3592 412 3648 rint
427 3603 556 3648 auctores
573 3591 635 3660 illi,
654 3606 725 3659 quos
743 3607 774 3647 se
791 3602 917 3647 secutum
934 3607 996 3647 esse
1013 3604 1124 3659 narrat,
1143 3609 1194 3649 nec
1211 3594 1275 3664 ipse
1292 3596 1394 3662 tradit,

257 3709 259 3714 ·
353 3702 404 3741 uec
422 3686 539 3740 aliunde
556 3687 669 3741 scimus.

420 3779 558 3837 Quoniam
576 3779 668 3850 ipsius
686 3779 879 3836 commentarii
900 3779 971 3833 ratio
988 3794 1021 3832 ea
1039 3795 1099 3834 esse
1118 3780 1219 3848 debet,
1247 3788 1277 3836 ut
1296 3782 1395 3853 potius

350 3874 463 3942 singula
481 3874 679 3946 explicentur,
712 3888 793 3940 quam
816 3873 964 3927 uniuersus
992 3883 1146 3929 castrorum
1163 3873 1394 3944 Hygiuiauorum

350 3978 516 4039 conspectus
532 3982 669 4041 perpetua
686 3971 814 4026 oratione
832 3969 1016 4035 exhibeatur,
1040 3985 1153 4036 moneo,
1182 3970 1327 4037 eiusmodi
1339 3972 1393 4026 de-

350 4062 534 4133 scriptionem
550 4065 672 4136 imagine
691 4075 844 4121 castrorum
863 4063 1031 4119 illustratam
1050 4075 1163 4120 exstare
1181 4064 1225 4119 iu:
1256 4067 1394 4125 Historia

350 4159 532 4214 mutationum
549 4161 594 4214 rei
615 4159 754 4215 militaris
772 4161 960 4214 Romanorum
982 4159 1049 4214 iude
1073 4161 1108 4215 ab
1133 4160 1248 4215 interitu
1270 4162 1317 4214 rei
1336 4176 1392 4232 μ.

350 4252 440 4308 llt'cae
457 4269 540 4324 saque
556 4255 601 4310 ud
619 4255 829 4312 constantinum
851 4272 980 4327 inaquam
1003 4272 1031 4326 p.
1049 4257 1083 4314 63
1100 4270 1164 4323 sqq.
1212 4253 1328 4333 Primus
1346 4265 1391 4313 ts·

973 4500 995 4535 1
