3492 5242
840 644 923 720 toa

373 850 453 905 batur
460 885 470 914 ,
498 858 529 926 ut
546 847 583 899 de
600 850 674 915 justo
694 864 810 902 numero
828 864 920 903 sermo
938 862 1002 902 esse
1021 806 1076 900 non
1091 848 1201 917 poss'etr
1239 856 1420 916 quapropter

373 943 417 1024 sel
441 939 615 1009 superlativo
637 942 818 1010 plenissimae
840 942 920 997 locus
941 951 1001 996 erat
1018 940 1090 1005 (Cic.
1109 939 1163 1008 Ep.
1182 939 1265 995 Fam.
1283 943 1416 1015 &dm-

372 1010 452 1091 dues.
470 1033 505 1088 Β
526 1034 561 1088 G.
580 1035 606 1096 3,
624 1035 669 1103 2..)

440 1139 830 1214 EruntpapilionesX]
854 1139 1307 1212 Goes.l.c.scr1brterantqae.
1341 1139 1416 1213 Scip-
1452 1152 1455 1237 j

287 1249 290 1255 ·
373 1239 420 1292 bat
444 1236 574 1309 Hyginus
599 1235 661 1290 sine
685 1233 788 1322 dnbio,
822 1234 987 1305 pedaturam
1014 1235 1156 1290 centuriae
1183 1234 1368 1304 legionariae
1390 1235 1416 1289 ia
1453 1260 1455 1277 ι

227 1375 229 1378 ,
260 1390 262 1395 ,
371 1340 480 1384 centnm
504 1330 634 1387 homines,
649 1329 790 1385 et'decem
816 1327 977 1398 papiliones
999 1338 1184 1398 computatam
1205 1329 1331 1401 proprie
1348 1344 1414 1384 esse.
1453 1364 1455 1377 .

366 1425 442 1478 ¹Nam
462 1425 545 1480 datur
567 1425 711 1480 centuriae
735 1424 872 1496 pedatura
895 1427 943 1480 120
965 1424 1052 1495 pedes
1075 1426 1173 1493 longa,
1208 1441 1285 1492 quae
1308 1435 1415 1480 centum

374 1519 531 1574 bominibus
550 1519 682 1573 convenit
699 1536 736 1572 ex
755 1521 856 1587 regula
873 1521 1019 1588 generali,
1053 1535 1134 1586 qnam
1153 1520 1228 1589 llyg.
1248 1521 1296 1574 26.
1316 1536 1415 1592 propa-

330 1607 335 1612 ’
372 1612 428 1666 nit:
457 1613 555 1667 Omnia
572 1614 655 1667 miter
672 1612 860 1680 provincialis
879 1612 1040 1682 (legionarii
1060 1622 1234 1674 autemsunt
1251 1613 1415 1683 provincia·

372 1706 430 1772 les;
449 1724 475 1761 v.
495 1706 529 1758 ad
542 1707 579 1768 2.)
597 1707 703 1774 accipit
720 1709 885 1776 pedaturam
901 1710 997 1782 pedem
1014 1709 1124 1775 adjecta
1143 1707 1238 1777 quinta
1256 1696 1315 1776 plr
1333 1714 1415 1762 totam

372 1801 547 1854 latitudinem
574 1801 750 1868 semirtra'pt'a'.
803 1801 895 1866 Atque
921 1802 975 1855 hoc
1001 1801 1114 1854 videtur
1139 1800 1268 1854 indicare
1296 1802 1415 1856 voluima

373 1893 515 1962 Hyginus,
541 1909 603 1944 cnm
623 1893 711 1954 dicit,
733 1900 814 1946 erant
830 1893 989 1962 papiliones
1006 1897 1052 1963 Χ)
1083 1894 1133 1949 sed
1154 1910 1247 1948 veram
1267 1895 1416 1964 reiratia·

254 1990 258 1999 '
372 2002 434 2040 uem
449 1988 595 2057 paululum
609 1987 733 2044 turbavit
745 2005 788 2058 eo,
806 1989 884 2055 quod
898 1996 955 2042 rem
970 1990 1010 2044 ita
1024 1989 1166 2059 exposuit,
1184 1989 1268 2057 qnasi
1289 1999 1415 2059 propter·

356 2095 408 2132 ,ea
426 2080 523 2133 decern
549 2081 742 2150 papilionibus
759 2097 831 2150 opus
853 2081 968 2142 luisset,
999 2083 1078 2148 qnod
1095 2085 1124 2136 in
1143 2060 1272 2150 singulos
1292 2083 1416 2136 homines

360 2173 465 2227 'octoni
485 2185 719 2244 computarentur.
764 2175 818 2230 Qui
837 2186 929 2230 antem
948 2174 1011 2229 lieri
1029 2179 1133 2247 potuit,
1164 2187 1195 2237 nt
1212 2177 1314 2230 eadem
1334 2177 1415 2248 peda-

374 2279 449 2333 tura,
476 2285 548 2337 quae
566 2281 675 2324 centum
695 2270 857 2325 hominibus
874 2273 1002 2340 suffecit,
1026 2273 1186 2325 hominibus
1204 2268 1413 2338 octogintada·
1449 2322 1454 2343 ,

374 2363 467 2416 retnrl
520 2363 763 2419 Hoc-fiebatsine
782 2360 886 2426 dnbio,
921 2364 990 2432 quia
1014 2364 1169 2420 deminutio
1192 2363 1302 2417 numeri
1330 2364 1415 2419 minor
1451 2408 1454 2413 .

372 2467 442 2518 erat,
460 2473 541 2524 qnam
560 2468 590 2511 ut
608 2467 760 2526 propterea
777 2458 864 2512 totins
883 2457 1041 2511 metationis
1060 2459 1131 2511 ordo
1149 2468 1318 2519 mutaretur,
1338 2472 1414 2526 quera

373 2551 525 2605 servabant
549 2567 629 2618 quam
656 2552 877 2606 constantissime
902 2561 1051 2607 metatores
1072 2553 1120 2618 (cs.
1138 2554 1199 2611 rat.
1244 2552 1414 2616 Accedebat,

375 2645 449 2714 quod
469 2646 616 2713 longitudo
636 2649 735 2719 pedum
752 2652 801 2704 120
819 2666 873 2702 non
893 2647 977 2705 facile
995 2645 1163 2713 mutabatur,
1184 2645 1251 2713 quia
1268 2645 1341 2700 baec
1356 2647 1414 2700 lon·

352 2772 356 2791 .
374 2739 474 2806 gitudo
492 2751 552 2795 erat
570 2748 664 2808 actas,
684 2759 830 2796 mensurae
848 2743 979 2810 agrariae
994 2742 1090 2805 (Vara.
1102 2740 1136 2796 L.
1150 2739 1183 2793 L.
1198 2742 1223 2806 5,
1234 2742 1278 2796 34.
1298 2741 1336 2795 R.
1347 2741 1383 2796 R
1393 2746 1415 2808 1,

378 2836 417 2888 10.
446 2833 554 2890 Colum.
568 2838 596 2902 5,
610 2841 633 2901 l,
643 2839 670 2891 5.
688 2840 714 2902 2,
725 2840 751 2904 2,
761 2840 804 2892 21.
829 2837 929 2892 Front.
948 2851 975 2903 p.
985 2837 1028 2889 3⁰.
1041 2835 1122 2900 210).
1152 2833 1274 2887 Omnino
1288 2844 1417 2890 constans

374 2938 528 2982 castrorum
547 2931 735 2984 metandorum
749 2930 828 2984 ratio
847 2929 1022 2996 requirebat,
1053 2928 1136 2982 atad
1156 2937 1262 2982 certum
1280 2929 1416 2995 quendam

375 3022 515 3074 bominum
534 3038 676 3076 nnmerum
695 3034 924 3093 computarentur
941 3025 1071 3092 singulae
1090 3024 1235 3095 copiarum
1261 3035 1359 3092 partes
1375 3029 1417 3092 (ac

376 3124 570 3190 computantur
587 3131 653 3169 sane
672 3117 804 3172 cohortes
824 3116 879 3184 leg.
899 3116 935 3169 ad
954 3116 1080 3171 homines
1097 3129 1295 3184 sexcentenus,
1327 3118 1366 3176 cl.
1385 3117 1417 3172 ad

373 3213 440 3276 35.),
459 3223 486 3265 et
500 3213 650 3266 secundum
671 3214 741 3267 hanc
756 3212 988 3283 computationem
1008 3213 1144 3280 pedatura
1164 3213 1205 3266 eis
1219 3211 1417 3282 adsignaretur

375 3306 421 3366 (cf.
433 3308 497 3368 20),
515 3305 622 3361 etiamsi
638 3323 738 3362 revera
756 3323 886 3362 numerus
902 3318 977 3363 esset
992 3309 1094 3364 minor.
1123 3313 1213 3365 Antea
1231 3326 1294 3365 cnm
1309 3321 1416 3368 centum

378 3401 504 3455 homines
521 3414 614 3466 erant,
641 3401 769 3456 undecim
788 3403 849 3456 sine
868 3400 954 3454 dnbio
973 3403 1132 3472 papiliones
1147 3403 1341 3459 tendebantur
1358 3404 1416 3475 (da-

317 3520 321 3528 ·
376 3511 435 3546 cem
453 3477 605 3559 militibus,
641 3511 711 3551 nnus
737 3497 922 3565 centurioni),
958 3497 1041 3565 eique
1063 3497 1264 3553 incrementum
1289 3506 1417 3553 tensurae

378 3605 459 3643 unum
478 3601 580 3644 tantum
600 3591 700 3661 pedem
718 3593 904 3664 accipiebant.
945 3592 1054 3663 Hygini
1072 3602 1196 3661 tempore
1215 3590 1416 3647 incrementum

315 3711 319 3717 -
377 3685 465 3750 majus
482 3683 609 3750 dabatur,
629 3695 657 3739 et
675 3696 822 3755 praeterea
839 3687 956 3756 spatium
976 3693 1131 3757 supererat,
1152 3684 1227 3751 quod
1248 3683 1311 3740 viae
1328 3696 1416 3741 trans·

377 3777 518 3831 versariae
536 3777 676 3832 inservire
695 3790 792 3848 posset
810 3781 860 3842 (cl.
881 3780 976 3843 infra).
995 3809 1026 3820 -
1074 3779 1112 3833 Ut
1129 3787 1218 3832 autem
1236 3778 1263 3834 h.
1285 3780 1306 3832 l.
1327 3786 1416 3845 eruat,

380 3870 418 3923 ita
435 3870 602 3940 saepissime
623 3872 744 3927 luturum
769 3883 899 3944 usurpat,
931 3873 981 3927 ubi
1005 3873 1139 3929 lectorem
1156 3874 1237 3942 qnasi
1261 3891 1356 3930 secum
1374 3891 1415 3931 ra·

379 3964 471 4018 tiones
496 3966 695 4021 subducentem
720 3977 747 4022 et
770 3970 900 4024 effectum
925 3969 1112 4052 insapientem
1130 3970 1221 4038 fingit.
1267 3970 1418 4026 Praeterea

378 4060 501 4113 tntnrnm
519 4059 682 4126 [requenter
706 4076 822 4135 usurpat
840 4064 876 4116 ad
899 4079 957 4118 rem
976 4073 1079 4118 certam
1102 4081 1162 4118 cum
1189 4063 1330 4119 modestia
1342 4074 1417 4134 'qna-

378 4156 441 4208 dam
462 4154 703 4224 pronuntiandam.
804 4206 807 4211 ,
1164 4174 1166 4178 ⁴

447 4250 511 4307 Qui
530 4262 718 4306 occurrunt
742 4253 775 4305 in
800 4250 996 4307 latitudine
1013 4235 1135 4319 pedum
1151 4251 1253 4319 CXX]
1290 4250 1350 4307 Pro
1369 4269 1416 4308 aa·
