3492 5242
836 579 919 718 um

358 842 427 898 dere
445 841 540 914 possit.
584 841 662 896 Dori
685 848 814 907 tanquam
834 854 1019 912 synonymum
1041 840 1148 912 passivi
1163 842 1232 913 poni
1249 854 1401 913 usurpator

357 939 407 1004 (cr.
427 942 466 992 ro.
488 939 529 991 u.
547 938 588 990 so.
608 938 650 989 3⁷.
675 934 729 1003 sp.
747 934 783 1005 aa
802 934 878 990 uer..
896 937 941 991 se.
984 937 1073 990 uren
1090 937 1176 992 uanas
1194 964 1225 979 -
1244 937 1300 990 aaa
1319 918 1400 1007 ripn

357 1049 405 1087 m
422 1030 566 1090 ordinatii.
610 1026 779 1095 Reiicieuda
800 1037 843 1082 est
865 1026 956 1096 igitur
975 1031 1134 1096 conjectura
1151 1029 1299 1098 Rutgersii
1319 1031 1400 1096 (Ver.

360 1127 435 1180 hcet.
453 1140 480 1193 p.
499 1126 572 1188 ἢν
601 1125 729 1184 tendere.
750 1123 794 1176 vel
813 1121 939 1199 Schelii:
968 1122 1079 1177 colcrts'
1095 1124 1279 1193 lepionariue.
1326 1123 1401 1180 Ver·

359 1219 419 1273 hist
439 1220 488 1272 sed
504 1234 619 1272 numero
634 1235 685 1271 suo
702 1217 778 1272 idem
794 1217 906 1288 repetit,
918 1216 1001 1284 'quod
1016 1219 1072 1284 jam
1090 1233 1178 1288 supra
1194 1216 1300 1275 clarius
1317 1218 1400 1274 dixe·

360 1305 420 1380 rat,
457 1312 601 1368 cohortem
625 1314 772 1367 sectandum
789 1312 838 1378 (cl.
856 1313 913 1378 Ἠ)
930 1327 1019 1383 super
1042 1312 1188 1368 cohortem
1212 1312 1331 1382 primam
1350 1330 1401 1383 po·

360 1407 478 1462 neodem
501 1422 577 1464 esse.
624 1411 753 1461 Attamen
774 1405 848 1461 haud
873 1406 934 1461 scio
952 1420 986 1460 au
1013 1407 1082 1460 haec
1108 1419 1256 1478 propterea
1274 1408 1401 1476 adjiciat,

358 1502 450 1570 quod,
485 1518 557 1571 quae
576 1503 624 1557 hic
647 1503 798 1572 exposuit,
824 1501 944 1562 mutatis
969 1502 1105 1556 mutandis
1132 1501 1216 1557 etiam
1245 1503 1273 1555 in
1298 1502 1402 1559 metrii

359 1597 443 1651 trium
470 1596 614 1664 legionum
640 1597 833 1651 observantur.
885 1597 919 1651 ln
938 1590 1042 1665 quihus
1067 1613 1129 1651 cnm
1153 1597 1266 1653 cohorti
1291 1597 1401 1668 primae

358 1690 432 1744 dune
449 1691 581 1744 cohortes
599 1691 757 1746 contrariae
773 1691 903 1755 tendent,
931 1705 1016 1759 snper
1032 1690 1083 1743 ltus
1101 1693 1185 1756 (quae
1202 1701 1343 1759 occupant
1359 1689 1401 1743 lo·

358 1801 419 1838 cum
437 1784 566 1837 cohortis
583 1785 690 1853 primae
708 1783 831 1850 legionis
843 1787 971 1848 querno)
989 1784 1107 1852 ponitur
1123 1783 1226 1838 cohors
1239 1783 1296 1837 alia
1314 1798 1400 1850 quae·
1431 1848 1437 1864 ι

358 1879 421 1932 dam
439 1877 605 1947 legionario.
649 1878 744 1943 Atque
763 1874 876 1930 videtur
893 1875 1026 1946 Hyginus
1044 1877 1142 1931 dicere
1160 1877 1298 1944 voluisse,
1330 1878 1400 1933 hane

358 1989 475 2026 numero
494 1981 657 2038 sequentem
675 1986 737 2025 esse
754 1969 876 2035 dehere,
900 1969 928 2027 h.
947 1987 973 2024 c·
991 1980 1126 2038 quartam.

364 2106 367 2113 .
428 2067 549 2121 iit-LX
569 2065 676 2135 pedes
695 2065 996 2121 valetudinarium
1014 2076 1048 2120 et
1067 2066 1218 2133 reliqua,
1245 2081 1335 2133 quae
1351 2083 1399 2122 su·

359 2176 422 2229 pra
441 2161 600 2226 tendent,
634 2162 827 2233 accipiant]
863 2155 1015 2217 Numerum
1038 2161 1124 2214 LXX
1152 2168 1312 2229 corruptum
1340 2176 1400 2217 etse

361 2252 434 2307 vidit
446 2253 561 2309 Schele.
605 2254 661 2308 llle
679 2259 754 2310 euim
773 2271 906 2310 numerus
924 2271 975 2308 nec
994 2253 1166 2322 longitudini
1185 2270 1237 2306 nec
1255 2254 1398 2309 latitudini

358 2346 526 2414 semistrigii
553 2347 596 2400 vel
625 2346 733 2414 strigae
759 2347 901 2401 convenit.
955 2345 1142 2402 scribendum
1168 2358 1210 2403 est
1233 2358 1328 2403 autem
1355 2359 1424 2404 eet·

359 2441 451 2494 XXX
467 2451 516 2495 aot
535 2439 605 2508 th
633 2454 725 2495 utrum
736 2439 875 2509 llyginus
893 2438 1058 2508 scripserit,
1077 2454 1134 2495 non
1152 2449 1242 2511 potest
1259 2440 1397 2510 indageri.

359 2535 403 2589 lta
420 2547 512 2591 tutem
536 2534 713 2588 scribendum
738 2542 794 2599 est,
828 2529 898 2598 quia
916 2529 1093 2591 ea,letitudo
1118 2543 1162 2587 est
1185 2533 1354 2602 semistrigii
1372 2546 1400 2589 et

360 2629 478 2696 strigae,
506 2627 579 2682 etin
599 2626 700 2683 castris
719 2625 804 2681 trium
822 2623 982 2693 legionum,
1013 2625 1039 2681 si
1056 2627 1145 2681 altero
1162 2627 1251 2681 latere
1270 2639 1398 2696 praeten·

359 2734 443 2778 mrae·
461 2754 489 2767 -
509 2725 583 2778 latus
606 2733 697 2778 autem
722 2733 921 2792 praetenturae
938 2723 990 2775 6⁰0
1010 2720 1098 2789 pedes
1115 2722 1201 2775 lutum
1220 2730 1262 2775 est
1279 2723 1349 2786 (32.)
1368 2751 1397 2762 -

359 2817 469 2874 cohorti
487 2817 595 2886 primae
611 2815 791 2883 adsignemus
810 2816 860 2869 lit)
878 2812 966 2883 pedes
983 2812 1088 2881 signis,
1105 2815 1158 2872 360
1173 2813 1314 2882 tabulino,
1334 2831 1397 2871 ean·

358 2911 424 2966 dem
443 2912 606 2982 pedaturam
624 2909 714 2967 altero
732 2908 823 2971 latere
841 2906 949 2961 duobus
967 2908 1131 2969 cohortibus
1148 2907 1331 2976 legionariis,
1353 2926 1398 2965 re·

358 3007 432 3072 liqui
459 3016 523 3059 sunt
541 3014 659 3069 utroque
684 3001 775 3056 latere
794 3001 844 3055 tut
869 2998 956 3066 pedes
981 3001 1111 3069 perilli.
1164 3001 1270 3053 Horum
1294 3013 1344 3061 not
1363 3004 1398 3061 ω

355 3114 412 3167 per
427 3099 489 3164 atu,
507 3106 554 3152 aut
570 3099 620 3151 llll
638 3095 760 3165 per-18⁰
775 3091 955 3158 occupabunt
971 3090 1061 3145 altero
1078 3093 1166 3148 latere
1184 3093 1339 3174 vexillarii,
1355 3098 1397 3153 al·

354 3205 421 3249 tero
439 3195 542 3257 cohors
560 3200 669 3257 quarta.
695 3190 794 3256 ltaque
810 3196 1025 3256 supersunt-aut
1041 3189 1075 3242 3⁰
1094 3187 1182 3256 pedes
1200 3204 1251 3255 per
1267 3191 1330 3252 ltu,
1348 3200 1396 3260 aut

354 3290 392 3342 60
408 3302 461 3356 per
477 3289 538 3341 12⁰.
588 3283 721 3341 Priorem
739 3283 974 3349 distributionem,
987 3293 1099 3345 secutus
1116 3296 1182 3335 sum·
1194 3281 1223 3335 in
1240 3283 1332 3337 forme
1350 3298 1395 3339 ae·

356 3390 478 3436 morum
496 3380 644 3434 Historiae
668 3379 850 3435 mutationum
874 3376 988 3444 addita,
1003 3432 1004 3439 ,
1019 3374 1204 3445 posteriorem
1227 3376 1256 3431 in
1280 3377 1339 3433 tah.
1358 3377 1397 3435 tl.

357 3474 423 3528 huic
440 3472 560 3528 editioni
585 3472 697 3540 adjecta
713 3469 843 3524 exhibui.
894 3471 987 3537 Atque
1010 3469 1080 3523 haec
1095 3468 1213 3538 quidem
1235 3468 1341 3538 collegi
1359 3486 1394 3527 ex

261 3554 263 3558 ¹
356 3568 466 3622 mitono
484 3578 637 3622 castrorum
656 3564 739 3620 trium
758 3565 911 3634 legionum.
953 3563 1010 3621 Sed
1029 3565 1096 3619 haec
1111 3563 1302 3618 concludendi
1322 3563 1395 3621 ratio

352 3679 411 3719 aon
429 3673 473 3718 eat
490 3660 661 3730 rejicienda,
689 3659 780 3728 quod,
806 3675 879 3728 quae
896 3660 924 3719 h.
943 3660 963 3715 l.
981 3657 1117 3729 exposuit
1134 3658 1281 3726 llygiuus,
1308 3658 1395 3739 etde

350 3755 458 3813 castris
484 3754 638 3823 majoribus
662 3762 692 3809 et
709 3752 746 3807 de
770 3752 926 3807 minorihus
945 3751 994 3818 (cs.
1013 3753 1056 3809 ta.
1074 3748 1130 3818 36.)
1149 3751 1249 3807 valent.
1302 3751 1394 3823 &prs

351 3852 466 3909 tendent
484 3851 513 3903 h.
532 3865 558 3904 a.
576 3864 664 3916 quae,
691 3860 724 3905 ut
741 3848 994 3914 valetudinarium,
1012 3862 1096 3916 super
1113 3845 1257 3902 cohortem
1274 3844 1394 3916 primam

350 3955 507 4016 ponuntur.
543 3944 589 3998 De
606 3947 767 4016 corruptela
785 3947 820 4001 cl.
839 3949 882 4003 ll.
925 3943 1070 4002 Quomodo
1088 3941 1287 3999 veterinarium
1303 3951 1334 3998 et
1351 3941 1394 3999 ie·

321 4055 325 4063 ·
354 4035 440 4093 hrica
458 4037 571 4091 tendere
588 4035 649 4091 dici
666 4049 796 4107 possent,
815 4037 902 4093 docui
919 4038 1118 4107 supraplll.
1323 4083 1326 4089 .

359 4188 363 4197 ,
427 4129 689 4191 Veterinsrium
715 4143 750 4188 et
777 4130 923 4200 lehrica]
958 4130 1002 4186 ci.
1028 4129 1066 4185 de
1093 4127 1139 4183 his
1162 4129 1240 4183 iiiut.
1265 4133 1332 4183 uuit.
1351 4128 1392 4183 73.

353 4224 505 4281 Fabricen
523 4237 718 4283 commemorat
734 4224 822 4281 etism-
834 4223 979 4294 loseplttt
996 4224 1031 4280 B.
1049 4221 1118 4279 lud.
1134 4224 1162 4287 8,
1180 4223 1208 4288 ὅ,
1226 4221 1252 4276 2
