3492 5242
826 640 977 721 tta.

350 843 416 907 (ii.)
433 851 473 908 et,
491 849 523 895 nt
539 837 613 901 dixi,
629 848 692 893 ante
711 838 919 894 tabernaculum
937 841 1126 912 inperatoria
1155 832 1262 912 unque
1280 855 1386 917 praeto·

350 935 395 988 rio
414 950 465 1004 pro
489 932 553 1000 ipso
578 931 756 986 tabernaculo
773 942 891 1000 accepto
909 931 1047 990 Valerius
1064 935 1206 995 Maximus
1223 937 1329 995 dicere
1344 956 1387 1009 pn·

350 1037 423 1084 terat
439 1031 478 1093 (t,
494 1028 522 1088 6,
539 1028 594 1093 l.):
620 1027 653 1080 L
670 1027 750 1080 Sulla
769 1028 831 1081 Gna.
851 1029 955 1082 seduli
973 1031 1043 1084 lello
1056 1034 1120 1085 'aaut
1138 1032 1168 1086 in
1187 1049 1262 1102 apro
1285 1034 1387 1109 Nulup

352 1128 430 1176 unte
445 1120 662 1190 praetorium
681 1122 858 1188 immolaret,
890 1125 980 1178 subite
998 1125 1033 1178 ab
1051 1127 1109 1179 irnn
1125 1132 1209 1194 parte
1235 1143 1313 1181 erue
1328 1144 1388 1198 pru·

352 1217 461 1285 lapsum
481 1231 596 1283 unpuem
618 1215 771 1282 prospexit.
824 1214 919 1268 Minus
943 1228 1071 1272 accurate
1089 1218 1206 1272 Tacitus
1229 1235 1313 1273 aram
1333 1226 1390 1274 aare

352 1309 500 1378 murale,
529 1306 604 1374 qnod
624 1307 753 1378 Hyginus
772 1321 852 1378 parte
871 1310 971 1366 dextra
992 1328 1099 1365 ararum
1121 1311 1290 1379 constituit,
1320 1326 1390 1368 stru·

351 1411 424 1456 ctam
439 1415 500 1455 esse
515 1399 586 1453 dicit
600 1402 683 1465 (Ann.
698 1400 817 1464 15‚3u.)=
841 1403 983 1457 structam
997 1413 1059 1458 unte
1073 1405 1210 1473 aupurule
1228 1421 1317 1461 urum
1333 1409 1391 1461 eut-

307 1544 312 1553 ,
351 1496 412 1550 dita
437 1497 499 1562 (nee
525 1494 639 1548 accendi
662 1493 707 1559 (cl.
732 1492 828 1560 inira).
880 1496 999 1548 Aratum
1021 1496 1204 1552 castrensium
1230 1497 1340 1552 nentia
1361 1496 1392 1552 sn

352 1602 501 1661 praeterea
517 1587 590 1656 apud
602 1587 662 1645 ios.
679 1585 713 1640 B.
722 1584 791 1642 Jud.
804 1589 830 1650 7,
841 1589 867 1651 Ι,
878 1588 903 1640 3.
922 1587 1160 1653 Amm.2l,(i.ll.‚
1180 1587 1231 1641 ubi
1251 1589 1343 1643 boves
1358 1588 1390 1643 ti

352 1701 401 1739 eas
422 1681 556 1737 immolati
575 1695 637 1734 esse
655 1689 817 1745 narrantur,
849 1689 878 1733 et
891 1678 964 1748 apud
979 1678 1153 1742 Dionemili,
1164 1682 1208 1736 ll.
1232 1683 1280 1734 uni
1293 1679 1390 1753 δόρη

351 1774 403 1830 ἀπ’
422 1773 520 1849 ἄρκτου
539 1771 667 1846 φερόμενα
683 1770 750 1844 πρὸς
765 1769 800 1825 τὰ
817 1775 869 1824 τῶν
883 1770 1018 1836 Ῥωμαίων
1035 1771 1202 1845 στρατόπεδα
1219 1778 1391 1848 προπίπτειν

351 1870 445 1924 iiim·
479 1867 596 1932 utinm
611 1885 639 1918 τε
656 1865 718 1937 περὶ
733 1861 795 1924 τούς
810 1864 915 1930 βωμοὺς
932 1861 1019 1916 αὐτῶν
1035 1865 1112 1935 κηρία
1129 1863 1313 1935 artatam,
1338 1886 1390 1937 qua

353 1966 417 2019 loco
437 1974 526 2017 utrum
551 1975 615 2013 arae
632 1969 697 2012 ante
716 1957 889 2027 praetorium
907 1966 1067 2012 exstructae
1091 1959 1246 2014 anellaria
1264 1974 1333 2017 ante
1347 1978 1391 2017 aa·

353 2062 452 2114 hortas
478 2059 582 2127 primas
609 2054 700 2124 posita
718 2054 794 2120 (Tac.
813 2055 886 2107 Ann.
908 2057 936 2117 l,
955 2055 1011 2120 39.)
1034 2053 1225 2121 intelligenda
1252 2056 1327 2123 sini,
1359 2072 1390 2111 ar

354 2165 487 2221 utraque,
513 2150 542 2203 in
562 2150 648 2203 dubio
668 2146 862 2214 relinquimus.
906 2146 1047 2201 Cuniundi
1066 2147 1140 2201 enim
1156 2163 1226 2203 arae
1246 2161 1276 2204 et
1292 2150 1391 2219 altaris

354 2264 409 2303 nnn
428 2248 531 2302 debent
549 2251 590 2310 (ut
607 2244 675 2299 iecit
691 2244 798 2298 Planer
816 2245 879 2310 iit).
921 2243 996 2295 Arae
1013 2241 1066 2296 hae
1085 2242 1159 2299 utin
1180 2244 1270 2298 breve
1288 2254 1391 2315 tenipus

356 2353 515 2398 exuructae
532 2340 594 2396 siue
611 2340 699 2395 dubio
718 2325 878 2413 cespititiae
896 2350 976 2393 erant
994 2337 1041 2404 (cl.
1058 2337 1149 2408 Capit
1167 2339 1246 2392 Max.
1264 2351 1296 2394 et
1311 2340 1389 2399 But.

357 2441 422 2501 lt).

424 2529 695 2597 Augurutorium
711 2538 811 2598 parte
823 2528 950 2583 dextra
964 2525 1128 2595 praetorii
1142 2525 1182 2578 ad
1198 2527 1290 2581 viani
1303 2528 1390 2599 priu-

354 2626 503 2697 cipalem
522 2624 737 2696 apponimus]
774 2625 851 2678 ilaec
868 2633 897 2677 et
914 2622 1060 2690 sequentia
1076 2637 1114 2674 ex
1130 2620 1283 2690 memoria,
1303 2634 1334 2678 ut
1352 2623 1389 2677 ri·

355 2720 448 2786 detur,
465 2717 562 2772 citavit
574 2716 699 2786 Lipsius,
718 2718 752 2770 de
766 2719 826 2770 mil.
837 2719 915 2770 Rom.
925 2719 986 2782 5‚2.
1006 2718 1080 2788 Opp.
1089 2720 1116 2778 3,
1127 2719 1186 2772 245.
1214 2718 1329 2773 Buten
1337 2719 1391 2773 Bu-

355 2813 467 2882 lenger‚
486 2813 521 2866 de
538 2811 671 2879 auguriis
685 2808 799 2876 (Gnaei.
817 2808 888 2861 thes.
907 2808 1038 2875 v.434.),
1058 2810 1131 2862 hunc
1148 2809 1179 2862 in
1198 2811 1316 2864 modurn
1331 2827 1391 2865 cnr·

355 2909 481 2977 rigebat:
499 2905 719 2974 Aupuratnrr'uur
731 2908 812 2970 parte
825 2903 924 2954 dextra
938 2903 1083 2957 Praetorii
1096 2905 1134 2958 ud
1145 2904 1296 2974 principia
1310 2921 1402 2978 egine-¹

355 3004 455 3065 vimus,
473 3001 520 3053 ulii
533 3004 560 3051 et
574 2997 721 3066 augurium
736 3003 810 3049 recte
826 3013 924 3065 capere
936 3004 1035 3065 potest.
1062 2997 1164 3051 Forma
1178 3001 1390 3066 augur-nterim

355 3092 497 3146 invenitur
522 3090 605 3145 etiam
630 3092 659 3142 in
683 3089 866 3160 inscriptione
891 3093 1027 3160 temporis
1050 3091 1188 3145 Hadriani
1212 3092 1292 3162 apud
1311 3091 1389 3147 Grau

356 3188 415 3246 128,
433 3189 459 3240 4.
496 3184 611 3238 Tacitus
627 3189 762 3253 augurale
780 3186 903 3240 nominat
922 3187 994 3239 Anu.
1016 3189 1056 3253 15,
1074 3188 1117 3241 3⁰.
1136 3195 1164 3240 et
1180 3187 1207 3249 2,
1228 3187 1272 3241 ta.
1307 3186 1391 3241 ntae

244 3325 248 3335 .
355 3289 453 3352 coeptu
470 3297 600 3350 epressus
617 3283 751 3351 augurali
765 3299 818 3350 per
836 3287 946 3338 occultu
965 3291 990 3336 et
1006 3281 1138 3351 stipitibus
1154 3280 1277 3348 ipnurn,
1295 3281 1391 3335 curtils

355 3393 425 3440 uno,
454 3382 593 3430 contectus
609 3376 737 3432 iumeraa
754 3380 848 3446 ferina
864 3379 953 3446 pelle,
982 3376 1041 3429 adil
1059 3380 1219 3428 castrorum
1236 3376 1318 3443 uiae,
1345 3373 1390 3427 erl·

356 3472 435 3524 sistit
452 3472 641 3526 tabernuculis
658 3475 814 3543 fruiturque
832 3477 910 3540 famu
929 3472 984 3528 aui.
1018 3470 1081 3526 Quo
1099 3485 1137 3522 ex
1154 3467 1219 3521 loco
1240 3479 1320 3523 recte
1335 3466 1390 3523 aul·

260 3552 263 3568 ’
356 3564 429 3630 legit
452 3561 568 3629 Schele,
604 3567 740 3631 augurale
766 3565 809 3619 ita
835 3564 1013 3618 tabernaculo
1039 3560 1179 3631 principis
1203 3559 1391 3617 continuata·

355 3658 459 3723 lnisse,
495 3668 525 3710 ut
542 3658 653 3710 occulte
670 3675 708 3713 ex
727 3675 761 3711 eo
784 3658 812 3711 in
838 3659 973 3726 augurale
998 3653 1143 3726 perveniri
1167 3653 1305 3722 potuerit.
1351 3654 1391 3709 Aa

356 3764 457 3802 revera
482 3750 618 3816 augurale
643 3766 694 3818 pro
715 3760 794 3820 parte
820 3751 992 3804 tubernaculi
1013 3745 1194 3816 Imperatoris
1218 3745 1320 3801 haberi
1345 3762 1391 3816 po-

357 3841 445 3895 tuisse
472 3851 588 3896 testatur
607 3842 802 3898 Quintilianus
819 3844 923 3908 (Instit.
941 3844 968 3906 8,
986 3844 1012 3902 2,
1032 3844 1083 3898 ai:
1123 3839 1237 3893 Tertius
1261 3839 1327 3895 leuis
1348 3839 1391 3893 tli-

356 3951 456 3988 uersus
475 3937 587 4004 medua,
619 3955 699 4008 quum
718 3957 766 3994 rea
785 3939 939 3994 eommunis
961 3936 1088 4006 pluribus
1106 3934 1136 3987 in
1158 3948 1211 3986 utro
1230 3933 1329 4003 ntiqui·
1345 3930 1391 3987 lu·

357 4030 403 4082 iet
419 4044 516 4081 numeri
534 4032 679 4085 eximium
715 4039 745 4086 ut
761 4051 873 4087 carmen
890 4032 1003 4099 funebre
1019 4027 1135 4097 proprie
1152 4025 1281 4091 Naeuia,
1307 4031 1335 4080 el
1352 4031 1391 4081 is·

358 4123 534 4176 bernardum
551 4125 630 4178 duria
642 4128 794 4194 Augurnle.
831 4125 951 4179 Accedit
968 4126 1048 4177 locui
1061 4104 1189 4185 satiati,
1213 4136 1299 4187 quem
1314 4122 1391 4176 scin·

358 4215 439 4272 liaata
460 4216 497 4269 atl
520 4217 602 4285 Virg.
621 4219 690 4272 Aen.
713 4222 753 4281 1⁰,
772 4222 831 4274 att.
855 4218 980 4274 servarit
996 4218 1095 4286 (Philo
1112 4227 1141 4272 et
1160 4214 1285 4285 Virgilii
1303 4217 1391 4274 tntu·
