3492 5242
792 664 797 671 .
838 595 894 676 46

351 800 441 866 tione
465 797 524 864 illa
550 796 639 863 artis.
653 797 836 865 memoriae
863 801 1176 897 looumnecnpusse
1193 802 1262 883 “ll
1304 802 1385 875 Fue·

350 920 427 979 runt
454 931 531 975 sane
552 909 715 996 ejusmodi
740 910 806 976 iata
830 910 989 978 librorum
1012 911 1223 1000 agrariorum.
1271 913 1385 1006 Neque

350 1021 461 1100 enim,
484 1032 521 1086 ut
538 1023 601 1088 hoc
623 1031 765 1106 utamur,
788 1021 861 1111 ipsa
881 1019 952 1107 illo,
974 1045 1059 1111 quoe
1081 1021 1122 1087 de
1143 1021 1385 1091 conditionibus

350 1153 503 1218 agrorum
524 1130 618 1196 etde
638 1131 935 1198 controversiarum
957 1129 1134 1217 generibus
1162 1129 1299 1219 scripsit
1320 1131 1386 1222 Hy·

350 1243 448 1332 ginus
460 1289 471 1327 ‚
505 1240 577 1308 sine
607 1241 841 1307 mutationibus
868 1238 982 1331 cisque
1011 1238 1098 1304 haud
1127 1238 1258 1328 exiguis
1287 1241 1330 1308 atl
1353 1240 1387 1306 it

350 1362 499 1441 tempus,
533 1374 599 1441 quo
621 1350 725 1416 codex
744 1348 945 1416 Arcerianus
969 1347 1109 1437 scriptus
1132 1358 1202 1431 est,
1230 1370 1387 1439 persensi

349 1473 438 1527 runt.
482 1459 775 1550 Interpolationum
797 1467 885 1524 certe
912 1456 1051 1543 vestigia
1079 1456 1251 1524 admodum
1279 1459 1388 1548 gravis

351 1571 469 1638 adsunt
485 1572 540 1652 ⁴⁵).
1129 1575 1132 1582 '

352 1745 622 1756 ———————————--

351 1853 505 1910 exalteris
528 1851 674 1921 descripta
695 1866 749 1904 non
774 1849 933 1904 videantur.
953 1879 983 1892 -
1021 1849 1218 1918 Fragmentum
1243 1850 1283 1909 de
1306 1828 1388 1912 licuit.¹

327 2015 329 2019 ¹
352 1922 413 2005 163.
432 1950 493 2003 164.
511 1964 549 2000 ex
566 1946 643 1999 libro
661 1946 698 2001 de
715 1945 775 1999 lim.
795 1927 885 1998 c‘oust.
904 1952 1069 2011 excerptum
1088 1959 1164 2013 esse,
1189 1945 1289 2002 statuit
1306 1946 1402 2005 etiam.
1431 1986 1433 1991 -

352 2043 436 2098 Goes.
455 2055 511 2096 not.
533 2059 562 2112 p.
583 2043 642 2098 166.
1028 2042 1030 2047 ’
1352 2023 1357 2033 ’

420 2138 466 2204 rt)
502 2138 534 2191 ln
552 2137 710 2204 fragmento
728 2136 767 2202 dev
781 2134 864 2190 linit.
884 2133 960 2189 nihil
979 2134 1067 2202 inest,
1085 2135 1158 2204 quod
1178 2137 1296 2208 probet,
1315 2138 1390 2195 utun

352 2246 414 2284 cum
433 2232 492 2298 eis,
516 2247 588 2299 quae
605 2231 642 2284 de
661 2230 742 2285 cond.
760 2247 822 2300 ugr.
841 2242 869 2286 et
888 2230 925 2285 de
946 2241 1070 2285 controv.
1088 2246 1183 2298 gener.
1200 2242 1301 2299 agam,
1329 2248 1391 2288 stoa

353 2325 411 2381 tius
426 2326 594 2387 cohaerere,
612 2341 673 2379 cum
692 2334 808 2397 propter
827 2324 983 2391 transitum,
1002 2339 1152 2393 perquem
1170 2334 1391 2383 auctoramus

352 2420 506 2476 ditionibus
523 2436 653 2489 agrorum
673 2419 709 2472 ad
730 2419 985 2473 controversiarum
1003 2434 1109 2485 genera
1133 2420 1262 2490 pervenit
1278 2421 1406 2489 (Blums'

352 2517 379 2576 t,
397 2516 458 2572 166)
477 2524 505 2568 et
524 2522 641 2582 propter
657 2512 748 2566 locum
767 2513 795 2568 in
812 2513 870 2568 fine
888 2513 1137 2569 controversiarum
1156 2513 1268 2581 (Blume
1285 2519 1389 2584 7,169.

353 2599 397 2662 De
415 2611 484 2677 jure
507 2605 652 2661 territorii
674 2624 761 2676 paene
787 2625 894 2662 omnem
918 2608 1172 2678 percunctationem
1196 2610 1390 2681 tractavimus.

355 2717 417 2754 eum
435 2703 468 2755 de
485 2681 841 2770 conditionibus'ayroram
860 2703 1015 2770 yenerutim
1032 2702 1283 2772 perscriberetur)
1303 2700 1391 2760 dubl·¹

352 2794 408 2849 tari
427 2806 561 2863 nequest,
592 2795 659 2862 quin
677 2795 731 2848 hae
749 2794 820 2848 duae
839 2806 934 2866 partes
953 2810 1052 2851 revera
1068 2812 1124 2849 uno
1143 2796 1218 2850 libro
1236 2796 1274 2850 ab
1290 2792 1392 2855 eodem

352 2898 469 2943 auctore
486 2887 591 2942 fuerint
608 2887 836 2956 comprehensae.

423 2983 471 3045 ts)
505 2981 607 3035 Blume
625 2985 659 3046 t,
680 2983 729 3035 tto
746 2996 789 3047 sq.
825 2978 855 3033 Is
879 2977 972 3048 potius
990 2978 1026 3034 de
1045 2981 1188 3038 authentia
1212 2983 1296 3052 hujus
1320 2982 1395 3042 tiort

353 3091 434 3145 quam
456 3074 525 3128 libri
550 3073 586 3127 de
609 3073 669 3131 lim.
696 3085 782 3130 coust
801 3073 955 3128 dubitabat.
991 3075 1121 3130 Ceterum
1146 3079 1331 3148 improbuuds
1349 3090 1392 3137 est

353 3169 475 3226 maxime
491 3168 594 3224 Zeissii
612 3168 648 3222 dc
667 3168 721 3222 hoc
743 3168 819 3222 libro
836 3167 991 3236 sententia,
1016 3171 1066 3238 qui
1088 3171 1256 3240 (Rigaltium
1274 3174 1391 3231 secutus

353 3264 384 3319 iu
407 3275 462 3320 not.
481 3282 511 3335 p.
528 3266 589 3320 275.
608 3264 707 3330 Goes.)
734 3263 754 3318 1.
774 3279 799 3316 c.
824 3279 851 3332 p.
871 3263 932 3318 879.
951 3264 1010 3319 888.
1035 3265 1127 3318 omnia
1149 3265 1211 3320 tere
1233 3281 1271 3319 ex
1290 3265 1389 3323 Siculo

353 3360 459 3424 Flacco
481 3369 508 3414 et
532 3363 650 3429 Aggeuo
673 3359 783 3413 Urbieo
810 3358 954 3428 descripta
979 3368 1007 3412 et
1028 3360 1176 3428 compilata
1198 3369 1287 3433 putat.
1321 3361 1390 3419 Prt-
1430 3366 1433 3391 ¹

354 3470 427 3509 mum
446 3453 521 3507 enim
545 3469 600 3507 non
623 3453 839 3521 animadvertit,
862 3453 918 3507 duo
941 3453 1097 3520 fragmenta
1115 3455 1206 3511 Siculi
1224 3455 1323 3510 Flacci
1345 3457 1390 3511 so·

353 3548 404 3605 liis
427 3547 605 3617 transpositis
629 3547 659 3603 in
677 3549 786 3621 Hygini
806 3548 909 3605 librum
928 3548 1080 3620 irrepsisse
1102 3552 1140 3616 (v.
1159 3567 1185 3619 p.
1203 3552 1252 3613 35,
1269 3561 1327 3607 not.
1345 3555 1405 3620 615,

354 3658 426 3709 quse
444 3653 535 3698 autem
553 3652 698 3712 praeterea
708 3660 768 3707 curu
783 3642 882 3699 Siculo
892 3644 995 3699 Flacco
1009 3653 1057 3700 aut
1070 3645 1188 3713 Aggeoo
1200 3645 1310 3702 Urbico
1320 3662 1391 3702 con·

354 3735 466 3798 cinuut,
491 3736 522 3791 in
537 3737 581 3791 eis
599 3739 789 3805 quaerendum
808 3750 863 3806 est,
882 3750 946 3795 uter
967 3749 1057 3795 utrum
1076 3739 1256 3809 expilaverit.
1293 3742 1390 3811 siquo

354 3828 497 3898 Hyginum
515 3827 628 3897 quidem
646 3831 760 3900 Trajani
779 3841 905 3902 tempore
923 3831 1030 3888 vixisse
1048 3841 1170 3903 constat,
1193 3833 1320 3891 Siculum
1338 3852 1391 3894 su·

354 3930 410 3975 tem
427 3931 456 3977 et
471 3922 620 3990 uggenum
639 3935 705 3979 ante
722 3926 867 3996 Hyginum
888 3925 994 3981 vixisse
1010 3928 1092 3982 Zeiss
1109 3944 1161 3982 nee
1179 3922 1388 4005 demonstravit,

354 4029 407 4068 nec
424 4014 617 4071 demonstrare
640 4019 770 4088 poterit.'
788 4019 853 4074 Nisi
870 4018 945 4072 enim
970 4020 1159 4090 praejudicata
1177 4024 1310 4095 opinione
1327 4010 1387 4081 iem

355 4122 506 4176 aggressus
532 4120 621 4177 esset,
649 4127 711 4165 eum
736 4128 792 4165 non
819 4112 953 4180 fugisset,
981 4130 1018 4167 ex
1042 4115 1107 4170 loco
1125 4115 1218 4172 Siculi
1236 4118 1333 4175 Flacci
1358 4136 1386 4192 p.

355 4204 399 4259 ut.
426 4203 478 4269 G..
515 4204 564 4260 ubi
594 4204 716 4262 edictum
750 4205 907 4263 Domitiani
938 4216 1189 4278 commemoratur,
1220 4211 1295 4267 uiuit
1328 4211 1386 4284 peti
