3492 5242
758 666 909 745 ,160

352 886 423 940 quae
441 881 535 923 omues
554 882 604 936 per
626 865 801 922 altitudinem
819 863 881 920 sive
903 864 1080 921 latitudinem
1098 875 1255 924 castrorum
1277 884 1385 940 percur-

267 988 269 993 ·
350 973 453 1018 nerent
498 961 587 1028 Atqui
605 960 739 1030 Hyginus
764 967 879 1029 praeter
902 973 1013 1013 scamna
1031 960 1186 1030 legatorum
1204 973 1236 1018 et
1262 963 1385 1019 tribuno·

349 1073 409 1109 rum
430 1054 552 1121 reliquas
570 1055 719 1122 pedaturas
739 1062 935 1121 praetenturae
953 1069 1050 1110 omnes
1067 1056 1171 1123 strigas
1189 1057 1326 1126 appellat
1342 1058 1386 1123 (ci.

350 1151 391 1204 14.
409 1149 451 1202 74.
468 1147 532 1214 38.)
576 1146 746 1214 Legatorum
766 1157 794 1202 et
817 1146 992 1201 tribunorum
1015 1163 1125 1203 scamna
1142 1148 1295 1219 dicuutur,
1323 1167 1388 1219 quo·

351 1239 424 1294 niam
450 1256 500 1293 eae
524 1239 678 1309 pedaturae
696 1255 714 1292 a
730 1239 882 1306 strigarum
907 1240 1062 1296 dictatione
1086 1241 1241 1311 differuut3
1269 1245 1387 1311 aceedit,

350 1332 427 1401 quod
453 1349 504 1403 per
522 1332 699 1387 latitudinem
716 1329 866 1399 striganum
893 1333 1012 1389 laterum
1031 1336 1168 1404 praetorii
1186 1339 1387 1395 extenduntur.

352 1427 435 1480 illam
454 1442 564 1480 causam
582 1427 644 1497 ipse
659 1425 791 1498 Hyginus
808 1424 916 1481 indicat
933 1427 1028 1482 uerbis
1047 1429 1244 1496 sequentibus:

418 1522 490 1575 Nec
507 1521 694 1575 communis
713 1522 904 1590 striganum
924 1522 1170 1577 indicationem
1187 1525 1389 1581 metationis

351 1614 469 1681 babet]
503 1615 678 1671 Sententiam
704 1614 805 1668 borum
833 1617 981 1668 verborum
1008 1631 1066 1671 eam
1093 1627 1213 1688 apparet
1241 1634 1328 1687 esse,
1362 1631 1389 1675 ut

349 1724 462 1766 scamna
478 1723 534 1760 non
552 1724 613 1763 esse
631 1708 796 1778 composita,
815 1719 846 1762 ut
862 1711 976 1778 strigae,
996 1727 1033 1764 ex
1050 1709 1234 1779 semistrigiis
1249 1712 1388 1770 dicantar.

349 1802 452 1858 Schele
470 1803 605 1856 tentabat:
632 1819 682 1857 nec
699 1818 867 1855 communem
887 1804 1042 1872 strigorem
1060 1804 1242 1859 dictationem
1259 1808 1388 1863 metatio·

349 1898 396 1951 nt'e
413 1896 505 1962 trudet,
531 1911 613 1962 quem
629 1905 720 1948 tamen
739 1895 820 1963 sequi
839 1897 931 1965 nolui,
958 1897 1089 1964 quoniam
1106 1899 1246 1953 indicatio
1263 1915 1282 1954 a
1299 1901 1389 1971 pretio

350 1991 483 2044 mercium
499 1990 606 2055 (Plaut.
622 1989 704 2043 Pers.
719 1990 746 2050 4,
756 1991 782 2054 4,
794 1990 837 2044 37.
860 1990 927 2060 Uip.
942 1990 1010 2059 Dig.
1031 1994 1073 2059 19,
1093 1996 1116 2057 l,
1136 1994 1178 2057 13,
1195 1994 1235 2060 3.)
1252 1993 1291 2047 ad
1310 1994 1389 2049 alin

350 2083 505 2151 quamlibet
538 2098 692 2136 mensuram
726 2082 872 2136 transferri
907 2082 1033 2152 potuisse
1067 2085 1186 2141 uidetur.
1242 2086 1389 2143 Genitivas

350 2179 504 2232 contmnnt'e
521 2178 682 2232 metationis
700 2178 806 2248 pendet
824 2178 860 2232 ab
878 2180 1091 2244 indicationem,
1123 2178 1266 2247 genitivus
1283 2184 1389 2254 etriga-

350 2292 413 2329 rum
431 2274 467 2327 ub
484 2273 653 2327 metationis.
680 2271 724 2327 Cf.
744 2287 830 2342 supra
848 2290 876 2342 p.
898 2276 956 2327 tot.
1000 2275 1124 2328 Metotr'o
1142 2272 1292 2330 invenitur
1308 2275 1388 2333 etiam

350 2368 426 2423 iutra
443 2369 485 2423 77.
503 2368 546 2423 73.
565 2370 608 2423 49.
627 2369 670 2422 45.
688 2368 731 2423 47.
750 2369 793 2423 bd.

419 2463 570 2533 Propter
589 2462 766 2529 legionum
784 2476 954 2514 numerum
972 2459 1154 2528 incertum]
1171 2460 1304 2549 NotaJ,
1323 2478 1389 2531 quae

351 2570 403 2625 pro
425 2554 481 2608 vite
504 2553 696 2608 centurionum
714 2554 831 2608 habetur
849 2570 867 2606 a
885 2551 954 2606 viris
977 2552 1083 2621 doctis,
1115 2564 1221 2609 constat
1238 2553 1268 2609 iu
1289 2557 1389 2613 inscri-

350 2646 494 2717 ptionibus
519 2644 684 2716 saepissime
707 2646 865 2717 significari
893 2649 1077 2703 centuriones.
1122 2649 1155 2703 lu
1180 2650 1265 2704 codd.
1282 2653 1389 2724 Hygini

351 2742 539 2797 centurionem
558 2743 612 2805 (77.
631 2743 686 2809 78.)
709 2753 758 2797 aut
782 2740 937 2797 centuriam
955 2740 1010 2804 (77.
1029 2742 1070 2797 78.
1090 2742 1133 2797 79.
1152 2745 1195 2798 39.
1215 2745 1272 2812 47.)
1294 2745 1389 2814 desig·

350 2848 406 2892 nat.
441 2837 547 2891 Contra
564 2836 619 2889 hoc
636 2837 699 2890 loco
716 2853 769 2906 pro
786 2837 895 2905 legione
912 2835 1007 2902 posita
1024 2846 1081 2901 est,
1107 2847 1139 2890 ut
1156 2851 1242 2909 supra
1259 2842 1302 2907 (p.
1321 2842 1388 2903 1119.)

351 2931 501 2987 lectionem
518 2932 592 3000 tegio
608 2928 675 2982 inde
692 2939 780 2983 ortem
800 2927 934 2991 vidimus,
953 2929 1027 2998 quod
1039 2939 1111 2989 ‚nom
1127 2929 1160 3001 7
1178 2948 1232 3002 pro
1246 2935 1329 3005 tegio
1345 2951 1388 2991 so·

352 3032 433 3093 cepta
449 3033 520 3077 erat.
560 3021 622 3075 Nec
639 3019 740 3074 desunt
758 3021 888 3088 exempla
906 3021 988 3089 hujus
1006 3023 1222 3091 significationis
1238 3024 1270 3079 in
1290 3026 1388 3083 iuscri-

352 3120 497 3190 ptiouibus
516 3121 553 3184 (v.
574 3116 687 3171 Gruter.
704 3118 765 3183 648,
784 3116 810 3171 4.
838 3117 916 3182 1977,
935 3118 982 3180 9.).
1018 3119 1054 3172 At
1074 3119 1220 3187 singulare
1238 3132 1284 3177 est
1302 3123 1387 3185 librt-

350 3213 514 3280 riorumque
538 3210 629 3268 errori
648 3211 840 3278 tribuendum,
870 3209 946 3279 quod
964 3210 1038 3266 inira
1054 3213 1098 3269 33.
1122 3211 1187 3282 77
1204 3213 1402 3283 positumst'

351 3324 404 3379 pro
420 3309 516 3378 pedet.
1363 3362 1366 3367 .

419 3401 515 3458 Quod
532 3400 678 3473 semper]
712 3403 789 3468 Non,
807 3400 883 3468 quod
901 3401 930 3453 h.
948 3400 969 3454 1.
988 3408 1051 3454 ante
1067 3416 1175 3470 semper
1191 3399 1327 3460 inserunt
1342 3420 1386 3459 co·

350 3495 443 3563 dices,
477 3494 646 3563 ejiciendum
674 3504 750 3561 erat,
785 3493 916 3561 quoniam
941 3494 1072 3564 Hyginus
1100 3495 1214 3562 regulas
1240 3499 1387 3564 generuiet

349 3606 454 3657 easque
470 3604 566 3643 onnes
582 3588 748 3643 affirmative
767 3588 922 3658 proposuit.
962 3588 995 3643 Si
1005 3590 1144 3661 ‚Hyginus
1161 3589 1262 3649 dicere
1281 3596 1388 3651 voluis·

348 3695 407 3750 set,
435 3698 518 3754 posse
535 3683 590 3736 hoc
607 3698 747 3737 scamnum
765 3684 855 3739 miuus
878 3684 998 3753 pedibus
1015 3687 1050 3740 dd
1068 3697 1115 3740 aut
1132 3686 1196 3754 plus
1213 3688 1341 3756 pedibus
1355 3693 1387 3747 81

350 3779 434 3832 tetum
451 3777 531 3844 fieri,
556 3776 618 3831 siue
634 3776 721 3830 dubio
739 3792 831 3832 certos
848 3793 977 3831 numeros
994 3779 1150 3847 posuisset,
1175 3778 1205 3832 in
1224 3783 1332 3848 quibus
1348 3784 1387 3839 is·

241 3858 244 3865 ¹
350 3870 442 3926 titudo
458 3869 611 3923 subsistere
629 3870 761 3940 deberet,
791 3881 821 3926 ut
837 3871 907 3926 iecit
923 3872 952 3924 iu
971 3871 1119 3926 latitudine
1136 3874 1274 3942 praetorii
1294 3879 1346 3945 (9)
1361 3887 1387 3933 et

351 3963 482 4019 comitum
502 3964 656 4033 pedaturae
675 3968 750 4034 (19.)

419 4057 445 4111 Α
464 4057 613 4128 pedibus
630 4059 656 4113 1,
674 4059 712 4113 ad
740 4058 883 4126 LXXX]
919 4057 996 4113 lnira
1020 4075 1073 4129 pro
1098 4058 1207 4113 ratione
1230 4060 1387 4129 copiarum,

350 4167 428 4221 quae
446 4151 475 4206 in
496 4163 686 4222 praetentura‘
697 4155 829 4219 tendunt,
864 4170 977 4209 scamno
998 4154 1154 4223 legatorum
1170 4153 1205 4209 59
1221 4163 1271 4208 aut
1287 4156 1326 4213 dd
1341 4166 1387 4213 aet

350 4247 385 4301 89
402 4244 490 4314 pedes
508 4245 637 4317 adsignat
653 4249 709 4314 (36.
728 4248 857 4327 37138).
