3492 5242
841 681 920 758 toa

365 891 428 946 dein
447 885 583 959 pedatura
601 883 693 937 locum
711 881 856 950 accipere,
884 881 913 934 in
932 881 1049 948 quaele
1066 882 1175 948 tendat,
1206 892 1333 938 testatur
1350 883 1404 956 ipse

365 981 505 1056 Hyginus.
539 975 666 1031 Miliaria
682 982 772 1029 autem
790 971 975 1026 ninllominus
992 973 1051 1028 dici
1070 984 1183 1044 poterat
1199 976 1263 1040 ala,
1282 977 1344 1032 etsi
1357 979 1403 1034 θα

364 1087 466 1134 tantum
485 1072 594 1141 equites
612 1068 748 1132 habebat,
765 1065 834 1132 quia
852 1066 880 1116 in
900 1065 1035 1134 pedatura
1052 1068 1223 1136 assignanda
1241 1069 1278 1123 ad
1298 1071 1404 1139 equites

364 1169 445 1222 inille
462 1144 675 1234 computaba'tur
691 1161 738 1226 (es.
756 1161 822 1219 lli).

433 1264 469 1315 ln
488 1259 540 1312 eis
557 1256 781 1319 decuriones,
800 1252 1012 1321 duplicarii,
1032 1255 1321 1327 sesquiplicsrii]
1341 1260 1403 1315 sau

362 1369 393 1413 et
408 1356 437 1410 h.
452 1356 469 1410 l.
484 1364 514 1408 et
532 1353 618 1405 intra:
640 1350 689 1404 Sic
704 1366 788 1418 anper
802 1364 947 1402 numerum
958 1348 1057 1403 XCVI
1074 1350 1207 1405 omissum
1223 1363 1275 1406 est.
1289 1382 1322 1397 -·
1351 1354 1404 1407 Po·

362 1449 437 1523 lybii
456 1459 581 1516 tempore
599 1445 628 1497 in
644 1443 767 1510 singulis
784 1441 883 1495 turmis
901 1442 973 1495 terni
994 1442 1163 1497 decuriones
1182 1455 1264 1498 erant
1284 1449 1327 1514 (6,
1340 1449 1400 1512 Ἀ),

360 1560 444 1612 quem
469 1540 654 1594 decurionum
681 1552 824 1590 numerum
849 1539 978 1604 agnoscit
998 1539 1081 1590 etiam
1101 1538 1185 1593 Varr.
1204 1539 1237 1593 L.
1259 1539 1296 1596 L.
1317 1543 1399 1608 usi.

361 1639 419 1693 Sed
440 1653 500 1692 cum
518 1638 573 1702 jum
592 1632 710 1704 Polybii
735 1642 862 1699 tenpore
888 1629 949 1682 bini
969 1646 1063 1683 eorum
1086 1630 1232 1687 interioris
1250 1632 1400 1700 dignitatis

360 1742 469 1796 essent,
504 1727 635 1796 quoniam
655 1726 761 1793 singuli
786 1722 976 1779 tantummodo
998 1734 1082 1776 totam
1107 1735 1224 1777 turmam
1248 1725 1401 1792 ducebant,

360 1827 443 1880 facile
461 1822 638 1892 explicatur,
658 1819 798 1887 quomodo
818 1817 1002 1870 decurionum
1021 1833 1119 1870 nomen
1143 1819 1201 1872 bini
1222 1821 1268 1897 illi
1281 1836 1401 1892 'prorsus

360 1933 458 1990 postea
485 1917 640 1972 amiserint.
693 1910 921 1966 Nominabantur
947 1925 1038 1964 autem
1062 1914 1216 1980 duplicanti
1243 1926 1272 1970 et
1296 1917 1399 1987 eesqst'·

356 2014 491 2083 pinarii,
517 2011 584 2078 quia
602 2007 710 2076 duplex
729 2014 757 2056 et
773 2001 939 2072 sesquiplex
954 2005 1128 2074 stipendium
1145 2007 1339 2078 accipiebant.
1360 2009 1399 2064 Gi.

361 2109 445 2164 Varr.
463 2107 497 2159 L.
519 2107 552 2158 L.
570 2106 596 2168 ὅ,
614 2105 657 2157 90.
688 2101 766 2154 Fest.
787 2117 810 2154 s.
831 2116 858 2151 v.
878 2103 1025 2168 praetorio
1045 2103 1145 2157 cotors
1169 2120 1195 2171 p.
1217 2107 1278 2159 223.
1334 2104 1399 2159 Curi

360 2202 476 2271 Hygino
494 2196 632 2250 consentit
650 2200 767 2266 prorsus
786 2195 898 2249 Arrian.
916 2199 978 2251 Art.
997 2197 1076 2251 Tact.
1088 2200 1137 2260 td.
1155 2199 1193 2266 (p.
1212 2199 1257 2253 93.
1273 2198 1398 2266 Blauc.):

357 2294 567 2362 redundantia
584 2289 646 2351 τοὺς
669 2289 780 2358 ἱππέας,
816 2291 980 2364 δεκαδάρχην
1002 2295 1108 2364 npeirou
1129 2293 1173 2344 sat
1195 2293 1345 2366 διμοιρίτην
1361 2295 1400 2347 sni

355 2385 424 2448 ὅστις
442 2389 467 2441 ie
484 2385 593 2457 ἡμιολίῳ
610 2388 771 2457 μισθοφορᾷ.
808 2383 903 2437 Etiam
922 2384 951 2436 in
970 2383 1048 2451 agris
1066 2384 1246 2452 assignandis
1263 2388 1399 2454 gradibus
1435 2448 1439 2455 ,

343 2483 502 2536 'nonnullis
519 2483 676 2549 sescuplam
700 2491 747 2530 aut
766 2476 880 2547 duplant
905 2476 1063 2545 portionem
1082 2477 1257 2546 adsignatam
1276 2497 1345 2536 esse
1362 2492 1399 2536 tc-

356 2588 444 2632 statur
461 2574 517 2628 Sic.
536 2573 579 2626 Fl.
602 2575 641 2626 tt.
695 2572 754 2624 Pro
778 2570 867 2623 torma
890 2570 1121 2639 sesquiplt'cort'na
1144 2572 1292 2628 inuenitur
1311 2573 1343 2628 iu
1358 2575 1398 2628 iu·

355 2667 560 2739 scriptionibus
578 2665 662 2719 etiam
680 2663 990 2734 sesqutptortusdttst.
1009 2671 1073 2718 mut.
1090 2667 1133 2730 58,
1149 2668 1195 2728 5.).

425 2760 532 2828 Idem,
561 2760 852 2828 quietnumerus
871 2768 1057 2811 turmarum
1077 2770 1136 2814 est.
1172 2758 1292 2829 Alunt]
1325 2764 1399 2818 Idm

356 2859 405 2929 qui
422 2858 542 2926 abrupte
559 2854 673 2922 quidem
692 2854 797 2906 dictum
815 2864 873 2920 est,
903 2868 954 2905 nec
972 2859 1062 2904 tamen
1079 2852 1237 2907 abhorrere
1255 2854 1399 2911 videturs

356 2950 471 3005 dicendi
488 2964 595 3018 genere
613 2947 814 3017 computationi
833 2943 1022 3001 instituendae
1039 2946 1174 3000 adhibito.
1191 2947 1291 3004 clad.
1329 2950 1399 3007 Qua·

356 3056 474 3113 propter
492 3042 665 3111 rejiciendae
688 3056 754 3097 sunt
776 3046 954 3110 conjecturae
971 3039 1116 3095 salmasii:
1153 3044 1269 3097 totidem
1292 3051 1398 3116 quotet

355 3140 478 3200 numeri,
505 3149 535 3192 et
552 3136 705 3192 Scriverii:
742 3140 860 3210 itemque
879 3139 997 3192 ttumeri.
1034 3136 1071 3190 lli
1089 3136 1146 3189 duo
1163 3138 1275 3192 studiant
1294 3140 1397 3195 retine·

357 3232 436 3296 bant,
456 3231 532 3298 quod
552 3231 580 3283 in
600 3230 683 3286 codd.
703 3243 756 3286 est.
793 3228 874 3287 Quod
894 3228 1009 3295 quidem
1028 3230 1096 3282 ferri
1117 3245 1170 3282 non
1190 3245 1276 3300 posse
1297 3231 1397 3289 Schele

355 3323 509 3379 intellexit.
553 3324 686 3379 Correxit
705 3336 795 3379 tamen
811 3323 927 3389 hadent,
956 3324 1085 3393 neglecto
1103 3332 1128 3380 et
1147 3323 1215 3390 illo,
1245 3326 1326 3392 quod
1343 3341 1397 3383 ue·

355 3419 460 3473 niiesto
478 3434 516 3470 ex
534 3426 574 3472 eat
592 3429 683 3473 ortum
701 3428 753 3473 est.
790 3418 877 3471 Alunt
896 3416 1095 3470 restituendum
1113 3432 1174 3471 esse
1192 3428 1304 3473 certum
1322 3429 1375 3475 est.

426 3511 486 3566 Sic
511 3526 616 3582 super
643 3527 816 3566 itumerum
843 3525 1008 3576 equorum
1034 3511 1143 3578 mille]
1186 3512 1237 3566 Sic
1263 3512 1396 3569 similiter

354 3617 504 3678 usurpatur
520 3622 607 3678 supra
623 3608 664 3671 λς
683 3605 779 3671 itaque
796 3618 850 3655 uon
870 3601 971 3658 debuit
990 3604 1092 3658 Schele
1110 3606 1257 3675 corrigere
1273 3611 1317 3675 fit.
1353 3608 1395 3665 Ad

355 3700 718 3773 aspernamentum.
760 3698 860 3764 Equos
877 3696 954 3750 mitte
973 3695 1058 3763 dicit,
1086 3714 1247 3768 quanquam
1264 3706 1322 3760 960
1339 3717 1395 3761 tau·

356 3798 496 3852 tumniodo
514 3796 626 3863 equites
642 3795 672 3847 ln
691 3793 736 3846 ala
754 3803 833 3858 sunt,
863 3789 1012 3846 brevitatis
1028 3808 1120 3847 causa.

423 3890 594 3946 Deductis
613 3886 787 3956 singulis,
813 3887 873 3954 qui
892 3885 926 3938 in
944 3903 1119 3944 numerum
1137 3894 1393 3963 computantur]

355 3986 546 4047 Decuriones,
579 3982 752 4053 duplicarii,
786 3981 1000 4052 sesquiplicarii
1019 3985 1122 4039 hubent
1139 4001 1228 4052 equos
1248 3988 1311 4045 168.
1351 3988 1393 4045 Ex

352 4079 406 4132 hoc
433 4092 548 4131 numero
575 4076 750 4131 deducuntur
768 4076 817 4139 tt,
851 4076 933 4141 quia,
969 4085 1001 4130 ut
1026 4078 1199 4145 principales
1217 4078 1250 4133 in
1269 4082 1392 4150 equita·

352 4173 445 4232 nilla,
464 4171 504 4225 itu
521 4171 589 4237 equi
606 4187 702 4225 eorum
721 4170 827 4238 singuli
846 4171 876 4224 in
894 4186 1030 4236 equorum
1048 4172 1127 4227 mille
1145 4190 1262 4230 numero
1278 4193 1392 4248 compe

352 4266 404 4322 tati
421 4274 493 4320 sunt.
527 4264 621 4336 Super
637 4281 781 4322 nnmerum
798 4266 888 4335 igitur
908 4274 973 4322 sunt
989 4268 1055 4335 equi
1073 4271 1116 4325 96.
1151 4269 1264 4340 Hygini
1281 4285 1390 4331 mter·
