3492 5242
862 643 892 717 d

361 846 469 913 dentis
501 856 589 912 eerto
619 846 697 913 sutis
725 846 855 913 criticae
886 845 1113 931 fundamento,
1146 849 1235 937 qnod
1267 847 1394 929 dieunt,

360 978 554 1022 mutemus.
600 954 724 1022 Sebelii
748 956 924 1022 editionem
955 955 1045 1022 nulle
1067 965 1179 1045 postes
1201 967 1250 1022 est
1269 965 1413 1030 secute..

445 1062 531 1129 Com
561 1063 601 1128 de
629 1064 796 1130 codicibus
825 1064 930 1130 tribus
958 1064 1244 1154 Guelferbytnnis,
1272 1065 1395 1154 quibus

359 1171 606 1237 fundumentum
625 1182 755 1254 textus,-
777 1195 873 1261 quem
897 1181 959 1259 ego
981 1164 1133 1256 exbibni,
1155 1171 1292 1254 nititur,
1313 1195 1394 1261 quo·

359 1305 433 1347 rum
469 1281 700 1347 accuratiorem
731 1279 952 1369 cognitionem
984 1303 1069 1345 enno
1103 1280 1272 1369 superiore
1313 1280 1394 1344 mibi

305 1388 307 1391 ’
359 1390 563 1480 comparavi,
595 1379 699 1479 eapite
729 1388 839 1479 priore
867 1389 1121 1477 prolegomenon
1154 1389 1299 1480 egerim,
1331 1391 1394 1453 hoe

357 1503 431 1570 loeo
459 1502 585 1591 reliqna
603 1500 750 1568 subsidio
780 1523 952 1566 recensere
979 1500 1072 1578 lieet,
1102 1500 1222 1590 quibus
1245 1500 1280 1564 in
1302 1500 1393 1565 edor-

357 1608 469 1677 nsnda'
485 1610 627 1676 editione
654 1635 724 1676 men
745 1635 824 1677 usus
854 1620 953 1676 snm'·
981 1609 1124 1677 Nomine
1151 1610 1206 1674 bie
1224 1609 1301 1675 Job.
1326 1610 1393 1675 Isu-

358 1720 408 1786 aei
430 1717 573 1784 Pontani
601 1717 845 1782 emendationes
872 1716 908 1780 in
935 1715 1085 1782 libellum
1116 1716 1244 1809 Hygini
1272 1717 1312 1781 de
1342 1742 1394 1783 es·

357 1827 610 1911 annunciatione,
632 1849 715 1915 qnae
737 1824 947 1914 reperiuntur
967 1823 1003 1888 in
1024 1824 1115 1891 toliis
1135 1828 1168 1894 2.
1186 1809 1270 1891 314.
1287 1826 1395 1893 eodiei

250 1981 254 1988 ι
356 1936 538 2004 messiano
566 1935 732 2035 praefixis.
782 1933 931 2026 Seriptee
956 1947 1033 2002 sunt
1060 1957 1146 2000 enno
1176 1916 1269 2011 1621.
1314 1935 1394 2025 Epi·

356 2047 441 2112 stols
468 2044 574 2138 enim?
603 2043 659 2109 eui
679 2042 849 2109 Pontanus
879 2067 934 2108 eus
955 2040 1075 2128 udjeeit
1089 2045 1134 2125 ⁸),
1166 2065 1249 2130 quse
1271 2042 1393 2108 ibidem

355 2153 416 2221 tol.
441 2153 471 2239 1.Ι
501 2163 623 2236 exstet,
650 2152 724 2217 duta
745 2162 796 2218 est
817 2151 857 2215 sd
880 2148 1081 2217 Seriverinm
1101 2149 1316 2216 Herderoviei
1338 2149 1392 2216 26.

356 2261 410 2327 die
427 2261 568 2327 Octobr.
590 2258 670 2324 soni
693 2257 786 2326 1621.
829 2257 1004 2330 Praeterea
1036 2266 1163 2321 exstant
1194 2257 1315 2323 ibidem
1339 2257 1393 2322 ad·

355 2358 538 2435 notationes
560 2369 717 2458 qnsedum
737 2366 829 2432 Petri
852 2362 1010 2430 Seriverii
1031 2361 1066 2427 in
1087 2364 1177 2430 toliis
1199 2365 1231 2430 6.
1248 2365 1302 2432 21.
1320 2364 1392 2449 22„

355 2501 439 2568 quse
468 2487 575 2544 nmen
603 2477 689 2543 nitra
715 2474 846 2543 initium
873 2472 951 2539 libri
978 2493 1048 2538 non
1074 2472 1174 2560 longe
1196 2473 1391 2562 procedunt.

293 2779 299 2788 =
393 2813 395 2821 Ι
424 2751 452 2814 8)
488 2745 726 2815 Legunturenim
751 2745 780 2798 in
807 2747 929 2816 epistola
953 2752 1005 2806 itta
1028 2755 1114 2808 haec:
1154 2748 1392 2827 »Denotis‘meis

356 2851 384 2896 et
407 2841 643 2895 emendationibus
667 2842 704 2894 ad
721 2842 826 2911 quini
850 2846 883 2896 de
906 2851 1156 2903 castrimetatione.
1176 2851 1390 2903 commentario·

355 2939 430 3002 tum,
450 2952 518 3005 quas
537 2934 817 3004 inferiunreperies,
836 2935 908 2990 nibil
920 2947 1034 3007 praeter
1053 2942 1095 2994 iti
1112 2943 1187 2994 dicta
1205 2942 1335 2994 addam«
1357 2971 1389 2982 -

355 3030 430 3101 Ipsis
464 3040 553 3083 sutem
586 3025 828 3083 emendationibus
862 3030 933 3082 baec
973 3033 1115 3102 praetatus
1148 3046 1190 3086 est
1226 3034 1389 3087 Pomanus:

357 3120 458 3180 {Quem
494 3123 563 3177 mibi
588 3123 711 3178 libellum
739 3120 853 3191 qutnt
876 3123 910 3174 de
938 3126 1182 3179 castrametationes
1213 3126 1390 3195 releqendum

354 3225 433 3288 n'tque
461 3217 658 3272 emendandum
688 3216 852 3281 tradidisti,
881 3216 1009 3270 Scriveri
1037 3219 1152 3289 optime,
1184 3237 1236 3273 non
1266 3222 1390 3288 libellus,

354 3312 404 3365 sed
422 3311 530 3379 Auqiae
554 3310 690 3364 stabulum
710 3311 764 3375 sit;
788 3310 830 3362 ita
854 3311 952 3379 ubique
975 3310 1055 3364 uitiis
1079 3329 1112 3365 ae
1132 3312 1265 3366 sordibus
1289 3320 1388 3367 scatet.

352 3407 471 3460 Initium
490 3405 600 3476 quidem
618 3410 644 3457 et
664 3404 729 3470 finis
747 3402 861 3458 inmani
878 3404 1008 3474 quiddam
1028 3421 1061 3459 ac
1078 3407 1143 3459 sani
1157 3406 1326 3473 promittere
1343 3409 1388 3461 oi·

353 3499 467 3559 dentur,
485 3504 516 3550 at
533 3496 645 3566 reliqua
662 3503 689 3551 et
707 3497 876 3552 intermedia
892 3498 1062 3568 praesertim
1081 3505 1248 3560 monstroso,
1268 3502 1388 3555 obscura

353 3598 379 3646 et
397 3590 469 3661 quod
487 3589 536 3644 itte
553 3589 625 3642 dicit
645 3589 826 3644 samnitium
849 3591 901 3643 sed
923 3590 1023 3645 uitium
1047 3598 1073 3645 et
1096 3609 1179 3646 unum
1199 3594 1293 3646 omnio
1310 3611 1387 3648 men-

352 3685 417 3738 dum
435 3689 508 3737 sunt.
544 3681 672 3751 Nesope
690 3680 901 3750 quaternionum
918 3682 1054 3748 istorum,
1081 3700 1148 3754 quos
1166 3701 1200 3738 es
1216 3687 1387 3741 membranis

353 3793 436 3831 manu
455 3777 584 3830 exaratis
600 3775 750 3844 diliqenter
769 3792 803 3829 ae
820 3775 954 3844 reiiqiose
981 3778 1167 3842 conformasti
1189 3780 1317 3848 stabisque
1339 3779 1385 3833 in·
1414 3840 1418 3849 ¹

351 3869 646 3940 epiaimdosdedisti,
671 3868 809 3938 aliquam,
832 3873 861 3921 ut
885 3883 984 3936 spero,
1009 3869 1142 3939 pristinis
1165 3871 1241 3926 disce
1267 3874 1387 3929 tenebris

351 3965 439 4017 iucem
465 3965 632 4018 curavimus.
677 3965 733 4020 Sed
760 3963 803 4017 tui
828 3963 879 4018 doc
905 3971 990 4019 totum
1008 3964 1118 4033 judicii
1141 3972 1208 4019 esto.
1258 3967 1312 4022 Cui
1335 3987 1385 4038 eqo

351 4056 468 4125 aliisque
499 4057 642 4123 &functus
667 4057 847 4128 qualicunque
876 4056 928 4111 buo
965 4074 1052 4126 opera
1085 4058 1174 4112 libem
1200 4076 1261 4114 eam
1292 4065 1383 4116 trado.

350 4147 410 4202 Nee
432 4148 505 4202 enim
535 4147 696 4222 nequamque·
718 4152 864 4208 domandis
897 4153 1030 4208 monstris
1054 4153 1188 4208 Hercules
1217 4171 1286 4209 unus
1313 4157 1386 4211 sutis

350 4247 400 4294 eet.
441 4241 512 4298 Vale
530 4247 557 4297 et
574 4244 695 4309 frumen
