3492 5242
854 640 930 719 nst

448 844 617 898 Poterant
632 871 666 882 -
685 841 840 910 tendere]
867 841 946 896 Haeo
963 841 1068 897 omisso
1085 859 1200 899 numero
1215 839 1265 901 GL
1280 845 1408 918 exscrip-

378 935 418 992 sit
435 934 532 1004 Lips„
549 936 583 990 de
600 937 660 990 mil.
680 936 759 989 Horta
777 935 805 995 5.
822 935 848 988 4.
878 935 954 1004 Opp.
970 937 998 1001 8,
1015 936 1077 991 258.

448 1031 492 1086 Et
508 1031 582 1101 pari
601 1046 740 1084 numero
758 1028 932 1100 dispositi
950 1029 1022 1083 sint
1039 1030 1083 1097 et]
1118 1029 1245 1098 Utroque
1268 1033 1343 1087 enim
1367 1034 1409 1089 la·

379 1133 442 1181 tere
458 1124 568 1191 equites
583 1126 636 1179 450
653 1134 742 1178 erunt.
791 1123 912 1179 Omnino
930 1123 959 1177 id
979 1138 1064 1192 agere
1083 1122 1169 1178 debet
1184 1134 1335 1180 castrorum
1352 1144 1410 1183 me·
1452 1172 1454 1178 ,

380 1227 470 1285 tator,
502 1230 534 1274 ut
550 1217 649 1288 copiae
666 1228 782 1286 utroque
800 1220 890 1273 latere
912 1226 1065 1271 castrorum
1083 1215 1145 1288 pari
1164 1233 1277 1273 numero
1294 1221 1412 1279 tendent

379 1312 427 1378 (ci.
447 1312 473 1367 8.
490 1313 557 1372 dl).
592 1309 727 1364 Codicum
745 1311 797 1365 BG
814 1309 934 1376 vestigia
951 1318 1061 1363 secutus
1077 1310 1181 1379 scripsi
1199 1312 1270 1378 sint,
1293 1328 1349 1380 qno
1366 1331 1412 1370 re·

379 1412 462 1472 oepto
481 1417 596 1457 necesse
618 1412 679 1456 erat
701 1401 818 1455 alterum
840 1406 866 1454 et
884 1399 1048 1457 adderetur.
1088 1401 1191 1458 Schele
1209 1404 1272 1458 cod.
1288 1411 1315 1460 A
1332 1422 1413 1468 mu.

381 1506 427 1552 tus
444 1497 501 1550 sint
519 1502 546 1550 et
562 1494 672 1563 omisit,
700 1495 729 1548 id
748 1494 823 1561 qnod
842 1492 959 1562 probari
977 1493 1091 1559 nequit,
1118 1496 1186 1562 quia
1202 1497 1263 1566 ipsa
1281 1499 1324 1552 rei
1343 1499 1414 1554 ratio
1476 1528 1477 1533 κ

380 1587 518 1654 ostendit,
549 1604 604 1641 uon
623 1588 700 1643 solos
718 1587 886 1642 decuriones
902 1597 930 1640 et
948 1585 1074 1652 reliquos
1091 1586 1264 1659 principales
1282 1592 1342 1660 pari
1361 1608 1414 1646 nu·

380 1698 460 1736 mero
478 1681 631 1751 dispositos
649 1697 727 1746 esse,
755 1689 783 1732 et
800 1677 932 1748 Hyginus
950 1686 1048 1747 aperte
1064 1678 1094 1733 id
1113 1682 1188 1750 egit,
1215 1694 1245 1739 ut
1263 1685 1319 1739 duo
1336 1703 1415 1741 cota·

371 1775 465 1829 ‘moda
481 1791 518 1828 ex
536 1774 586 1828 ills
603 1771 993 1844 dispositioneredundautie
1011 1773 1177 1844 explicaret.

452 1869 669 1923 Decuriones
688 1867 951 1936 -propensius
978 1869 1132 1939 tendant]
1169 1872 1236 1927 Cum
1263 1873 1337 1927 euius
1364 1875 1416 1929 450

381 1961 494 2029 equites
512 1961 541 2015 in
559 1978 593 2014 es
610 1960 743 2029 pedatura
762 1961 891 2028 tendant,
909 1978 981 2029 quae
999 1964 1034 2017 ad
1052 1966 1105 2021 480
1122 1977 1281 2038 computata
1298 1977 1355 2031 est,
1372 1984 1417 2022 se·

381 2056 489 2123 quitur,
507 2065 536 2109 ut
552 2055 586 2108 90
602 2053 688 2123 pedes
705 2055 857 2123 supersint.
891 2054 1008 2122 Equites
1023 2057 1076 2112 450
1094 2068 1176 2114 erunt
1192 2069 1299 2115 turmae
1315 2063 1347 2129 93
1367 2062 1424 2116 tri-¹

383 2148 461 2202 cenis
487 2146 560 2201 enim
587 2143 733 2212 equitibus
759 2153 865 2198 turmae
890 2144 996 2198 alarum
1020 2148 1264 2216 quingenarierum
1292 2163 1418 2212 constant

383 2243 461 2307 (18).
496 2237 573 2294 Sunt
584 2247 675 2291 autem
694 2236 768 2291 inter
786 2236 836 2288 hos
850 2237 886 2289 45
904 2236 1014 2302 equites
1031 2238 1277 2336 principales;.iq
1295 2244 1418 2313 singolis

383 2332 458 2388 enim
477 2331 575 2387 turmis
591 2341 655 2384 sunt
672 2328 780 2395 singuli
798 2327 979 2394 decuriones,
1004 2327 1171 2399 duplicarii,
1197 2337 1417 2404 sesquiplicnrii.

382 2425 560 2486 Decurioues
578 2435 673 2480 ternos
692 2438 778 2491 equos
795 2421 920 2483 alebant,
955 2420 1063 2489 reliqui
1082 2425 1255 2496 principales
1273 2429 1419 2498 binoctct.

383 2522 420 2576 sd
439 2523 501 2587 16.)
537 2519 716 2588 Principalea
735 2515 766 2568 1ιί
785 2513 962 2571 nominantur
978 2516 1061 2583 (46),
1087 2517 1161 2571 utin
1180 2519 1293 2588 legione
1309 2539 1421 2591 quoque

384 2614 428 2682 ei,
455 2611 505 2680 qui
523 2628 608 2682 supra
624 2609 750 2681 gregarii
768 2607 869 2664 militis
887 2608 1053 2678 dignitatem
1070 2614 1207 2682 peculiari
1225 2620 1343 2687 quodem
1361 2638 1420 2676 mu·

384 2724 453 2762 nere
480 2706 627 2773 iungentes
651 2705 743 2759 evecti
768 2712 849 2757 erant
872 2705 959 2769 (Hist.
977 2713 1041 2759 mut.
1058 2708 1125 2772 48.)·
1173 2710 1232 2765 Hos
1260 2714 1422 2785 privilegiis

386 2801 489 2858 muniri
518 2816 569 2854 nec
596 2813 710 2852 munera
735 2799 829 2852 lacere
854 2799 920 2866 cogi
949 2807 1064 2855 testetur
1093 2800 1164 2869 Veg.
1184 2806 1211 2872 1,
1229 2809 1253 2862 7,
1306 2809 1422 2862 Alam„

386 2911 501 2964 quoque
519 2891 692 2964 principales
709 2891 802 2944 laxius
821 2891 953 2958 tendunt,
989 2908 1070 2959 quatu
1093 2896 1232 2965 gregarii,
1266 2914 1423 2968 quanquam

386 3005 443 3043 uon
461 2989 500 3044 ita
518 2989 599 3053 laxe,
623 2997 657 3041 ut
675 2988 918 3054 praetorianorum
935 2987 1110 3058 principales
1127 2991 1176 3056 (cl.
1195 2991 1231 3045 ad
1251 2995 1313 3058 15.)
1350 2995 1423 3048 Pro.

386 3083 501 3152 peass'ua
518 3083 631 3136 tendere
650 3078 775 3134 illustret
792 3077 963 3146 Salmasius,
991 3080 1043 3135 Es.
1062 3081 1135 3136 Plio.
1153 3085 1197 3139 at.
1216 3084 1288 3140 locis
1306 3085 1424 3153 quibus-

389 3175 452 3228 dam
474 3173 568 3228 Solini
586 3175 639 3237 (15.
657 3173 712 3239 25.)
730 3182 760 3227 et
776 3171 870 3240 Capit
888 3168 978 3226 Gord.
997 3173 1054 3238 la,
1092 3173 1122 3227 in
1145 3176 1248 3242 quibus
1261 3194 1424 3246 ,propensus

389 3284 573 3341 synonymum
596 3267 656 3320 sere
677 3265 810 3334 adjectivi
831 3264 964 3335 prolixus
982 3262 1029 3316 sit·
1072 3265 1205 3337 Hyginus
1223 3268 1307 3336 paulo
1326 3282 1424 3340 postes

390 3373 420 3418 et
439 3364 480 3418 18.
498 3363 540 3415 40.
559 3360 657 3414 eodem
675 3375 756 3414 sensu
768 3360 870 3418 ,laxius
889 3367 1015 3427 usurpat.

461 3453 503 3510 Ut
518 3453 677 3509 centenis
694 3452 874 3520 equitibus
888 3450 1123 3521 semistrigiis
1137 3451 1211 3508 suis
1227 3452 1341 3508 laxius
1354 3464 1426 3510 ten·

344 3562 351 3583 ¹*
392 3549 485 3616 dant]
523 3549 600 3601 Haec
618 3546 722 3602 Scirele
739 3562 858 3614 eumque
881 3558 991 3600 secutus
1008 3547 1078 3601 Nast
1094 3547 1155 3602 286.
1174 3545 1244 3601 lelso
1262 3547 1301 3602 ita
1317 3546 1427 3603 iutelli-

391 3652 476 3712 gunt,
501 3641 581 3707 quasi
599 3639 677 3693 dicet
694 3639 840 3709 Hyginus,
867 3636 1014 3709 panciores
1032 3653 1114 3704 quatu
1131 3647 1240 3692 centum
1258 3639 1366 3706 equites
1383 3657 1427 3695 te-

393 3734 536 3802 mistrigio
555 3733 638 3788 nimis
664 3735 729 3788 laxe
755 3733 880 3788 tendere.
925 3733 995 3787 Nam
1014 3733 1059 3787 tel
1084 3743 1195 3788 centum
1219 3716 1329 3801 equites
1344 3734 1428 3790 sesai·

393 3827 500 3896 strigio
518 3827 604 3881 nimis
628 3827 693 3881 laxe
712 3828 842 3893 tendunt,
878 3827 1012 3894 quoniam
1027 3826 1065 3880 sd
1084 3826 1193 3893 equites
1215 3827 1268 3884 240
1292 3826 1428 3881 semistri-

336 3979 340 3983 ,
395 3921 472 3992 glum
491 3921 542 3976 120
566 3919 655 3990 pedes
673 3920 788 3988 longum
808 3929 993 3990 computatur.
1046 3919 1177 3990 Hyginus
1202 3918 1275 3974 dicit
1292 3918 1354 3976 siue
1374 3920 1429 3984 da·
1505 3953 1509 3959 -

386 4014 460 4081 itio,
492 4030 547 4068 non
567 4013 673 4066 debere
697 4013 891 4079 praetorianos
916 4024 964 4068 sut
986 4013 1147 4081 singulares
1171 4014 1316 4082 equitibus
1335 4025 1429 4070 cente-

396 4108 444 4162 nis
461 4109 518 4174 (um
538 4111 588 4163 100
605 4108 713 4194 Helles)
736 4108 831 4165 laxius
855 4109 978 4165 tendere.
1031 4109 1136 4164 0141.
1165 4108 1201 4162 ut
1226 4109 1256 4162 in
1279 4114 1430 4174 retentare,

397 4203 447 4274 qui
469 4203 559 4257 solent
583 4209 610 4257 et
635 4202 834 4274 quinquepess's
854 4204 1013 4260 luminibus
1037 4221 1088 4274 per
1106 4202 1213 4272 atripoa
1237 4201 1367 4255 strictius
1382 4207 1430 4255 ost

1178 4316 1224 4382 9*
