3492 5242
763 646 817 722 ὥ

276 871 341 937 que
363 858 507 938 tempore
527 850 563 915 in
584 872 646 917 usu
664 851 743 937 luit3
766 862 1000 942 proptereaque
1020 852 1194 919 absurdum
1210 863 1310 937 essct,

274 955 305 1020 si
326 956 451 1046 Hygini
472 957 620 1045 legiones
640 960 779 1049 tempori
800 962 1070 1048 adscriberemus,
1093 963 1181 1053 quod
1203 977 1308 1054 postc-

274 1065 346 1130 rius
371 1077 458 1151 esset
484 1078 629 1157 tempore
656 1068 729 1153 ejus
750 1068 910 1158 legionis,
943 1093 1038 1163 qnam
1058 1057 1218 1158 vegetius
1240 1081 1309 1137 tan-

272 1196 370 1260 quam
398 1175 562 1265 antiquam
593 1174 788 1264 descripsit,
817 1201 951 1267 prorsus
981 1187 1205 1246 commutatam
1235 1203 1308 1269 spc-

272 1280 355 1347 cicm
377 1307 454 1372 prae
476 1308 512 1350 se
532 1285 681 1352 ferentis.
1092 1288 1094 1292 ’

356 1390 485 1473 Quodsi
515 1392 575 1457 bac
605 1392 730 1458 ratione
758 1393 933 1459 terminum
957 1393 1203 1477 constituimus,
1234 1406 1307 1462 ante

270 1521 368 1585 quem
389 1499 509 1565 librum
532 1498 689 1588 scriptum
713 1523 787 1565 csse
809 1510 999 1583 statuamus,
1023 1500 1210 1584 terminum,
1232 1512 1308 1591 post

270 1631 368 1695 quem
404 1607 546 1697 scriptus
588 1606 652 1688 sit,
694 1629 899 1695 quaeramus.
956 1608 1009 1674 Ac
1051 1610 1197 1698 profecto
1232 1630 1307 1677 cum

268 1717 393 1805 primae
422 1719 573 1782 cobortes
602 1716 800 1803 legionariae
830 1716 958 1804 Hygini
995 1726 1139 1806 tempore
1167 1716 1304 1806 duplum

263 1823 334 1909 jam
355 1823 497 1888 militnm
519 1846 688 1888 numerum
711 1823 883 1889 habuerint
896 1827 967 1907 67),
1003 1824 1099 1910 enjus
1126 1847 1204 1890 usus
1231 1850 1305 1893 nas·

267 1935 373 2001 centis
413 1934 554 2024 primunr
597 1933 769 2022 vestigium
802 1934 953 2000 Caesaris
991 1946 1137 2025 tempore
1180 1935 1304 2003 inveni·

267 2048 418 2128 mus.⁶⁹);
441 2067 515 2108 enm
536 2042 664 2131 Hygini
686 2052 833 2132 tcm‘pore
854 2044 1096 2110 vexillariorum
1119 2067 1220 2126 usus,
1244 2043 1303 2134 qui

250 2153 410 2241 'Augusti
431 2164 533 2218 aetate
564 2151 734 2218 institutus
761 2165 829 2218 erat
846 2158 908 2235 ⁶⁹),
938 2176 1074 2242 prorsus
1096 2154 1306 2220 confirmatus

265 2287 339 2328 esse
370 2262 517 2329 videatur
541 2264 607 2345 ⁷⁰)3
651 2283 725 2326 cum
758 2260 827 2325 alae
867 2270 900 2324 et
941 2263 1091 2326 cobortes
1130 2261 1302 2344 miliarino,

265 2395 349 2460 quae
376 2372 461 2460 apud
490 2370 660 2460 Hyginum
687 2368 899 2436 inveniuntur
915 2369 975 2449 ⁷¹),
1011 2367 1141 2432 Claudii
1171 2368 1302 2437 demum

263 2480 524 2571 Vespasianiqne
545 2491 691 2569 tempore
713 2478 747 2542 in
771 2501 833 2542 usu
855 2501 928 2542 esse
949 2475 1118 2566 coeperint
1136 2482 1198 2563 ⁷²),
1227 2501 1302 2543 curn
1329 2513 1339 2526 ν

263 2593 412 2656 cohortes
434 2589 575 2677 denique
597 2595 765 2675 equestres
786 2608 829 2648 nc
844 2583 1041 2674 Vespasiani
1064 2585 1197 2675 quidem
1220 2595 1299 2652 tenr-

259 2723 339 2787 pore
362 2698 402 2762 ad
432 2720 502 2761 eam
532 2692 767 2784 perfectionem
795 2692 986 2781 pervenisse
1008 2692 1174 2758 videamus
1187 2740 1198 2777 ,
1233 2717 1299 2783 quo

259 2807 388 2896 Hygini
416 2815 562 2893 tempore
590 2810 806 2893 pervenerant
822 2803 881 2880 ⁷³)=
913 2799 1060 2866 dubitare
1089 2801 1181 2867 nullo
1204 2811 1298 2890 pacto

259 2914 460 3005 poterimus,
491 2912 571 3001 quin
601 2910 687 2975 liber
707 2921 763 2976 aut
783 2909 965 2976 Domitiani
986 2921 1042 2975 ant
1061 2909 1197 2997 Trajani
1218 2921 1297 2978 tem·

236 3064 241 3070 -
260 3048 340 3114 pore
356 3022 504 3110 >scriptus
525 3020 580 3086 sit.

344 3132 427 3197 Tota
457 3131 497 3195 de
521 3140 667 3219 tempore
694 3127 799 3195 libelli
828 3129 1049 3218 disputatione
1084 3133 1298 3220 supersedere

258 3253 463 3334 poteramus,
498 3240 527 3305 si
557 3240 650 3306 locus
680 3228 757 3324 ille,
791 3239 847 3304 ubi
874 3249 986 3305 auctor
1008 3262 1103 3325 enm,
1140 3241 1179 3305 ad
1200 3265 1297 3334 qnenr

258 3352 381 3417 librum
407 3349 515 3432 dedit,
550 3348 728 3438 alloquitur
744 3352 817 3431 ²⁴),
862 3345 1037 3414 mansisset
1071 3346 1293 3441 incorruptus.

263 3532 265 3537 s
327 3503 374 3565 67)
409 3499 531 3569 lippa

326 3597 373 3658 68)
409 3595 482 3648 iliat.
503 3599 569 3646 mut.
588 3595 678 3661 pit).
696 3593 738 3648 71.

273 3670 603 3756 -ωιωψῶῇ

327 3783 372 3841 70)
409 3781 486 3849 llyg.
506 3780 532 3833 l.
552 3781 578 3833 5.
597 3781 641 3835 2³.
658 3780 702 3836 74.
720 3780 763 3833 3)).

326 3878 372 3938 77)
408 3874 481 3928 lbid.
502 3875 543 3932 15.
562 3874 787 3930 dammi).

325 3971 370 4035 77)
406 3971 480 4023 Hier.
501 3974 565 4022 mut.
587 3983 614 4036 p·
632 3967 681 4033 58,
702 3975 756 4019 not.
778 3967 801 4023 Ι)
820 3974 850 4018 et
869 3967 923 4029 77).

324 4066 370 4128 73)
404 4062 479 4134 flyg.
500 4064 542 4116 19.
560 4062 602 4115 25.
621 4062 665 4116 26.
702 4060 778 4112 Hice
798 4063 865 4110 mut·
886 4073 912 4126 p.
928 4057 971 4111 59.

329 4157 373 4220 74)
408 4156 544 4224 Hyg.⁴15.
581 4158 615 4210 Ia
633 4161 761 4226 quantum
778 4154 872 4224 potui,
892 4153 1001 4207 domine
1018 4156 1124 4221 frater,
1148 4171 1200 4223 pro
1221 4155 1291 4207 tiro-

256 4251 335 4307 cinio
354 4265 413 4304 meo
432 4250 463 4303 a'n
481 4250 560 4304 brevi
576 4266 670 4304 omnes
688 4256 818 4305 auctores
835 4265 895 4303 aum
909 4253 1078 4317 persecutae.
