3492 5242
785 607 1023 741 ,Μ’

346 867 403 942 ,sit
413 867 465 945 ι1).
509 862 606 930 Haud
628 864 673 930 ita
694 865 797 930 multo
819 876 895 954 post
915 890 1035 933 aunum
1059 866 1142 935 1549
1163 865 1268 955 Alpes
1290 874 1391 930 traua·

305 986 311 990 ·
355 975 442 1040 latus
463 973 506 1039 sit
527 974 630 1042 codex
650 981 784 1042 access'e
805 986 865 1042 est.
1107 984 1109 993 ⁴

360 1145 370 1152 ,
403 1103 407 1119 ’
441 1082 500 1149 Gis
522 1084 628 1175 Alpes
657 1085 784 1174 primus
806 1107 886 1153 enm·
902 1085 1023 1153 tenuit
1038 1085 1231 1151 Erasmus
1258 1082 1391 1174 aliquis,

355 1194 385 1258 si
412 1193 493 1260 fides
511 1187 663 1258 {radenda
693 1204 743 1258 cst
770 1192 944 1284 posteriori
964 1192 1092 1259 cuidam
1112 1191 1244 1258 codicia
1262 1212 1391 1282 posscs-

354 1302 436 1386 sori,
459 1295 656 1395 Praediuio‚'
672 1298 730 1392 qui
753 1301 789 1366 iu
809 1300 876 1367 imo
889 1299 1043 1388 margine
1067 1300 1140 1366 iulii
1161 1300 1205 1368 21»
1228 1297 1391 1390 perscrip·
1442 1366 1444 1370 ,
1543 1338 1546 1347 =

354 1413 420 1478 site
443 1414 490 1479 Et
509 1415 563 1479 too
583 1432 622 1478 ex
642 1411 834 1497 bibliotheca
851 1411 1000 1476 Erasini·
1039 1411 1104 1477 Hic
1125 1411 1279 1477 Erasmus
1299 1410 1393 1479 nullo

352 1532 464 1612 pacto
478 1522 542 1589 tuit
563 1519 845 1588 clarissimus'illc
867 1518 1104 1585 Roterodamus
1121 1523 1162 1600 ¹7)
1174 1567 1199 1605 ‚-
1219 1520 1276 1611 qui
1299 1530 1393 1588 autea

354 1641 502 1698 mortuus
525 1643 576 1699 est
596 1628 696 1712 (auno
719 1629 817 1709 1536)
839 1629 1002 1715 Basilm,
1021 1643 1119 1720 quim
1142 1631 1248 1697 codex
1268 1654 1308 1695 cx
1329 1631 1392 1694 lta·

352 1740 399 1807 lia
428 1741 555 1807 ablatus
578 1752 639 1807 cst.
685 1740 900 1806 statuendum
923 1751 972 1806 cst
1002 1725 1121 1827 igitur,
1158 1751 1213 1805 aut
1244 1739 1397 1827 ignotum

352 1848 517 1939 quendam
538 1850 718 1916 Eraomomv
731 1848 876 1916 codicem
892 1848 1004 1914 ilium
1028 1848 1232 1937 possedisse,
1264 1859 1320 1913 aut
1343 1871 1391 1912 er·
1473 1857 1494 1933 J

351 1981 444 2024 rasse
455 1958 653 2027 Praedinum
671 1960 781 2051 ipsum
789 1961 832 2025 de
854 1957 1019 2050 prioribus
1033 1956 1160 2024 'codicis
1175 1957 1229 2024 sui
1250 1956 1325 2022 fatis
1338 1959 1389 2034 18).

440 2062 590 2157 sequens
611 2068 840 2160 possessori).
864 2095 882 2134 a
904 2069 1052 2153 Lusco,
1076 2067 1132 2156 qui
1155 2088 1273 2132 nomeu
1297 2078 1392 2131 suum

352 2179 424 2267 ipsc
452 2178 487 2242 iu
515 2157 628 2244 codice
660 2179 876 2270 perscripsit,
907 2178 1056 2243 Polonus
1084 2186 1172 2260 crat,
1204 2196 1312 2264 acque
1332 2176 1392 2239 im·

349 2285 523 2374 probabiic
551 2297 619 2369 est,
652 2287 692 2352 ab
726 2287 785 2352 illo
812 2286 958 2352 codicem
980 2287 1018 2351 iu
1036 2285 1169 2351 Batavie
1184 2283 1393 2371 'acquisitum

351 2417 438 2478 esse,
458 2385 515 2459 uiri
537 2395 635 2461 alium
659 2397 805 2482 ejusdem
827 2396 935 2484 gentis
957 2395 1063 2462 virum
1085 2393 1216 2459 doctum
1230 2391 1392 2457 Joauucm

352 2496 643 2577 viaissc'coustat.
699 2503 798 2572 'fund
829 2504 869 2570 ad
901 2505 1129 2570 Ger-ardum
1158 2500 1392 2591 Mortaigue

350 2612 454 2677 codex
475 2613 643 2702 pervenit,
670 2615 748 2703 qui,
777 2616 903 2678 sicum
932 2614 972 2678 ab
997 2614 1128 2678 homine
1151 2612 1279 2678 Polouc
1307 2632 1392 2676 cmc·
1451 2607 1454 2612 ’

352 2732 420 2803 rat,
440 2722 540 2787 facile
562 2723 597 2786 iu
620 2744 691 2785 cam
712 2723 905 2787 seutentiam
928 2721 1073 2787 incidere
1093 2721 1218 2810 potuit,
1248 2730 1284 2783 ut
1305 2717 1393 2785 codi-

351 2853 423 2896 ccm
455 2853 528 2895 esse
562 2830 726 2897 Polouum
760 2830 971 2896 arbitraretur
991 2832 1048 2911 ¹⁹).
1093 2828 1261 2896 Germ-dus
1291 2828 1393 2912 enim,
1463 2890 1470 2903 x

351 2940 410 3031 qui
444 2963 563 3005 nomeu
593 2962 692 3034 suum
724 2938 867 3004 infolio
891 2939 928 3003 la
960 2939 1128 3027 professus
1159 2948 1226 3022 cst,
1260 2929 1296 3002 iu
1328 2936 1394 3002 imo

352 3048 500 3136 margine
521 3046 594 3112 iolii
615 3046 700 3115 1571)
722 3070 836 3113 versus
860 3047 1035 3136 adscripsit
1055 3051 1178 3115 hosce=

423 3183 461 3236 Tc
481 3197 541 3235 meo
562 3182 709 3237 rusticitas
728 3185 866 3237 locerooit
887 3191 913 3238 ct
932 3186 1076 3254 improbus
1094 3202 1194 3250 error3

488 3276 614 3347 Namque
631 3278 760 3342 polonum
782 3285 824 3342 te,
843 3280 894 3333 ced
913 3283 1001 3346 mole,
1023 3280 1206 3334 credideram.

407 3534 450 3598 16)
467 3514 521 3588 Ὗ.
536 3532 654 3587 'Metelli
672 3531 797 3600 Sequani
817 3531 906 3601 ipsios
924 3529 1124 3596 testimonium,
1143 3532 1218 3600 qood
1238 3532 1344 3600 tegitur
1363 3533 1391 3586 in

351 3626 422 3681 solio
443 3625 530 3681 1501)
551 3626 660 3681 codicis
678 3623 962 3697 palatino-vaticani
985 3625 1207 3692 agrimensorem
1229 3627 1342 3689 (Bluure
1363 3645 1391 3699 p·

353 3723 424 3785 185).
461 3720 505 3774 Gi.
524 3721 637 3774 omnino
655 3719 814 3775 acutissime
831 3719 939 3775 Blumii
958 3719 1164 3787 argumentatio
1189 3738 1216 3790 p.
1238 3723 1392 3778 ras-189.

350 3815 467 3869 Erravit
492 3816 553 3868 sine
577 3815 666 3869 dubio
689 3816 793 3884 Ebert,
825 3817 873 3886 qui
899 3815 928 3870 in
957 3815 1013 3870 fine
1036 3812 1155 3870 notitiae
1178 3814 1289 3870 codicis
1313 3831 1392 3870 manu

349 3908 477 3977 scriptae
505 3903 559 3978 ipsi
590 3909 684 3985 codici
709 3910 852 3979 praefixae
874 3911 1052 3966 Gelotianum
1078 3903 1196 3964 eundem
1225 3925 1288 3976 esse
1310 3919 1393 3979 atque

351 4002 671 4070 Arcerianumoegcvit.
696 4031 699 4035 ·

404 4099 447 4160 17)
484 4097 571 4150 Quem
591 4095 728 4163 iutelligit
747 4095 836 4149 Ebcrt
854 4096 873 4149 l.
896 4113 920 4151 c.
942 4098 1030 4166 psra.
1090 4091 1093 4099 ’

404 4189 850 4259 memnepmu
1070 4172 1072 4175 ’

406 4285 449 4346 19)
485 4284 586 4340 Blume
604 4284 623 4338 1.
645 4303 668 4338 c.
687 4299 714 4353 p.
734 4286 791 4340 182.
