3492 5242
840 649 900 726 54

268 941 270 944 Ι
363 848 572 939 perspicuum
593 858 655 933 est,
679 873 753 915 eum
774 850 906 918 titulum
927 853 967 919 ab
989 855 1063 945 ipso
1078 856 1253 925 Arccriaui
1271 843 1403 928 'codicis

361 956 495 1024 librario
515 979 582 1021 non
600 977 673 1024 esse
694 960 888 1048 profectum.
933 961 1118 1030 Statuamus
1140 964 1243 1053 igitur
1263 991 1403 1034 necesse

361 1074 427 1143 est,
455 1063 626 1131 librarium
657 1065 751 1131 illum
772 1089 812 1133 eo
833 1068 907 1134 loco
935 1068 972 1133 in
993 1070 1107 1138 codice
1130 1076 1307 1164 archetypo
1329 1077 1402 1143 uul-

360 1176 428 1242 lum
448 1176 613 1243 invenisse
639 1177 790 1262 titulum,
822 1189 1039 1244 correctorem
1059 1192 1165 1247 autem
1188 1184 1313 1248 saeculi
1336 1184 1401 1251 lx.

360 1285 413 1352 vel
432 1286 468 1350 X
482 1289 527 1371 2),
550 1311 624 1352 cum
645 1287 946 1370 animadvertisset,
977 1288 1058 1355 folio
1080 1291 1168 1358 1251
1189 1303 1319 1359 exstare
1339 1294 1403 1360 ini·

360 1395 443 1460 tium
464 1399 541 1464 novi
564 1396 731 1483 cujusdam
754 1400 951 1486 argumenti,
973 1401 1066 1465 nullo
1088 1402 1184 1468 titulo
1206 1403 1400 1488 indicatum,

359 1503 490 1570 titulum
512 1505 606 1578 illum
629 1530 670 1571 cx
692 1509 933 1601 subscriptione
955 1510 1104 1600 proxima
1125 1511 1272 1578 finxisse.
1315 1511 1400 1579 Sub-

359 1615 495 1704 scriptio
516 1626 623 1681 autem
645 1618 715 1702 illa,
739 1644 821 1709 quae
843 1621 880 1685 iu
902 1619 976 1685 folii
999 1619 1091 1684 1371)
1113 1618 1265 1685 columna
1287 1619 1401 1710 priore

358 1724 540 1810 invenitur,
562 1727 642 1793 baec
663 1737 735 1792 cota
765 1729 862 1794 Liber
883 1732 1086 1812 gramaticus
1107 1731 1231 1813 bygyaa'
1251 1731 1292 1794 de
1315 1730 1402 1796 diot-

356 1835 472 1899 sioaa'b.
496 1825 631 1918 agroru.
656 1837 798 1918 explicit.
856 1835 950 1918 Quae
980 1836 1177 1926 subscriptio
1202 1837 1401 1905 lieet-nulla

356 1964 456 2008 causa
490 1943 535 2007 sit
572 1965 631 2007 cur
659 1965 679 2007 a
714 1940 850 2006 librario
878 1942 1001 2008 codicis
1029 1944 1204 2010 Arceriani
1232 1942 1399 2030 abjudice-

356 2056 472 2130 tur³)‚
501 2050 605 2115 nihilo
626 2062 733 2117 tamen
763 2051 872 2117 minus
902 2051 984 2116 falsa
1006 2061 1067 2116 est.
1113 2051 1288 2134 Quomodo
1309 2052 1399 2117 enim

355 2158 441 2224 liber
453 2204 464 2242 ,
497 2159 593 2244 cujus
616 2170 841 2246 argumentum
867 2156 904 2222 iu
925 2168 1104 2223 castrorum
1125 2141 1306 2225 'metatione
1327 2184 1398 2227 ver·

354 2277 464 2352 satur,
491 2271 532 2334 de
553 2269 767 2335 divisionibus
790 2290 947 2354 agrorum
975 2267 1114 2335 inscribi
1138 2271 1270 2355 potest‘l
1315 2268 1398 2336 Cor·

305 2364 309 2372 i
354 2378 482 2468 ruptcla
514 2387 620 2444 autem
654 2377 806 2442 inlectam
838 2399 910 2442 esse
941 2375 1214 2468 subscriptionem
1256 2376 1398 2467 ideoque
1427 2373 1431 2381 ¹

357 2487 609 2570 emendandam,
650 2508 836 2575 quanquam
875 2485 983 2552 facilis
1016 2509 1052 2551 sc
1087 2484 1277 2570 emendatio
1295 2488 1398 2557 offert

355 2602 536 2662 caatr'orum
550 2593 602 2681 ⁴),
635 2618 704 2660 nou
733 2595 920 2680 statuerim,
954 2595 1110 2686 quoniam
1137 2594 1309 2686 probabile
1330 2607 1395 2682 eat,

354 2705 502 2794 quamvis
531 2703 746 2772 malc'eodex
772 2706 967 2795 archetypus
998 2705 1139 2794 scriptus
1163 2704 1285 2790 fucrit,
1319 2707 1395 2772 sub-

353 2814 548 2906 scriptiones
581 2824 667 2880 certe
695 2812 955 2879 distinctioribus
977 2838 1149 2904 expressas
1171 2838 1244 2881 csse
1264 2813 1393 2892 literis.

352 2924 523 2990 Exstiterit
542 2932 650 2988 autem
669 2923 768 3012 plena
789 2921 988 3012 subscriptio
1010 2924 1068 2990 illa
1090 2924 1126 2989 in
1148 2922 1260 2991 codice
1282 2925 1394 2990 arebe-

352 3041 433 3122 typo
453 3053 588 3107 neeesm
611 3041 681 3116 est,
710 3029 856 3119 alioquin
888 3031 975 3096 enim
1006 3032 1161 3097 librarius
1177 3028 1306 3098 ¹codicia
1327 3030 1394 3098 Ar·

300 3186 303 3190 -
353 3140 477 3206 ceriani
506 3140 542 3204 in
569 3138 842 3230 subscriptionem
873 3149 938 3205 tam
965 3162 1172 3230 perversam,
1202 3150 1267 3205 tam
1296 3162 1393 3231 argu·

287 3231 300 3326 f
351 3259 461 3315 mento
482 3249 560 3315 libri
580 3273 648 3314 nou
669 3249 938 3333 convenientem,
962 3272 1028 3314 uon
1049 3245 1232 3314 incidisset·
1272 3248 1313 3313 ld
1335 3271 1390 3314 au·
1434 3290 1439 3302 ,

351 3369 417 3424 tem
443 3358 552 3448 ipsum
570 3357 663 3448 ‘quod
683 3356 881 3448 subscriptio
910 3356 950 3421 ad
971 3367 1196 3447 argumentum
1211 3355 1392 3442 ¹libri-non

299 3542 302 3549 ¹
352 3466 510 3557 quadrat,
545 3467 758 3534 commovisse
779 3465 908 3537 videtur
927 3477 1164 3552 correctorem,
1196 3476 1232 3531 nt
1257 3448 1391 3533 intituss

419 3691 448 3757 1)
483 3688 522 3745 V.
541 3693 628 3760 supra
644 3707 673 3762 p.
691 3694 709 3748 9
727 3707 773 3761 aq..

418 3785 448 3846 8)
476 3782 583 3850 noque
600 3783 674 3839 anim
693 3786 730 3840 ab
748 3802 807 3842 eam
825 3801 937 3843 canaan
956 3792 1087 3856 suspecta
1104 3792 1200 3853 potest
1216 3795 1292 3848 ease,
1310 3794 1350 3850 ou

351 3876 499 3943 sequentis
513 3875 583 3943 libri
600 3878 715 3935 titulus:
744 3883 804 3941 Iac.
821 3883 870 3938 to't.
890 3881 987 3952 typicas·
1003 3879 1189 3952 aromaticas,
1219 3874 1276 3944 qai.
1292 3875 1322 3931 io
1338 3891 1388 3949 ea,-

351 3969 415 4026 dem
442 3971 569 4027 columna
597 3981 706 4043 exstat,
738 3975 833 4047 aliqua
869 3972 1031 4053 suspicione
1059 3972 1182 4027 laborat.
1223 3967 1288 4061 llic
1309 3969 1387 4027 euim

351 4062 417 4117 ideo
441 4072 668 4132 suspectuosae,
694 4067 770 4133 quod
795 4075 954 4137 postremae
976 4067 1078 4121 literae
1099 4066 1220 4119 mationa
1238 4063 1267 4117 in
1290 4077 1386 4118 rasura

350 4164 427 4222 aunt,
445 4171 517 4222 quae
533 4156 657 4224 quinque
676 4159 721 4212 vel
737 4174 789 4213 sex
807 4162 897 4215 lineas
914 4161 1070 4232 complecti
1088 4161 1207 4216 videtur.

417 4249 446 4309 1)
480 4248 523 4303 01.
543 4265 570 4319 p.
589 4252 640 4316 31,
658 4260 713 4307 not.
734 4253 787 4317 12).
