3492 5242
469 645 942 722 ··19u'

285 853 445 910 iucundam
467 848 524 905 rili
540 845 797 919 peregrinationem
814 845 887 900 iuno
905 873 940 886 -
956 853 1073 917 propter
1095 846 1244 903 nouitatem
1262 850 1325 903 nni·

285 946 406 1000 mulium
442 943 487 997 uel
520 943 645 997 locorum
671 938 783 1006 'fnium
829 938 950 993 Seuerus
986 939 1049 1010 ipso
1083 948 1182 1009 postea
1217 958 1326 1013 semper

285 1037 418 1094 ostendit.
732 1067 734 1073 ,

356 1128 631 1199 Magnitudinem
659 1128 762 1195 tuum]
802 1126 846 1182 ct.
879 1127 988 1184 Theoti.
1017 1138 1046 1185 ct
1073 1129 1183 1188 Volent.
1202 1134 1262 1189 911.
1289 1134 1324 1190 G.
1442 1192 1444 1199 ,

285 1225 418 1283 Cassiod.
439 1225 511 1281 Ver.
530 1226 557 1286 9,
576 1227 619 1280 19.
653 1222 820 1276 Nascentem
837 1219 1045 1287 quodammodo
1067 1224 1141 1278 hene
1158 1227 1326 1296 appellatio·
1392 1202 1396 1212 ¹

220 1381 226 1387 ,
284 1337 351 1377 netu
375 1319 500 1376 ostendit
522 1318 598 1373 Plin.
616 1319 687 1373 Pan.
706 1320 750 1374 61.
797 1318 958 1386 Quantoque
981 1309 1102 1387 propin
1124 1322 1163 1375 od
1188 1323 1326 1390 mopsien.

270 1417 382 1495 v«distein
399 1423 477 1470 unm
495 1415 680 1482 ascenderint,
701 1420 807 1469 tuntum
824 1413 910 1467 etium
928 1429 946 1466 u
964 1429 1015 1468 sun
1034 1414 1209 1469 descendisse
1227 1415 1326 1487 uiden·

283 1520 343 1568 tur.
378 1511 433 1583 Ep.
451 1513 500 1573 1⁰,
517 1512 563 1565 19.
607 1508 694 1567 Saluo
710 1512 902 1584 mupnitndine
919 1518 981 1578 tun,
1011 1511 1159 1575 Domine,·
1175 1510 1326 1568 descendas

282 1613 404 1678 oportet.
442 1607 489 1669 19,
506 1607 549 1660 69.
597 1606 649 1660 Eat
675 1606 749 1662 enim
775 1623 824 1661 ree
848 1607 936 1676 digno
964 1613 992 1660 et
1012 1603 1203 1674 magnitudine
1228 1611 1326 1659 tuest
1445 1684 1448 1691 Ι
1477 1575 1481 1589 ’

284 1717 365 1763 curo.
400 1697 542 1759 Similiter
558 1697 621 1766 ipse
639 1698 712 1769 Hyg.
735 1698 765 1752 in
784 1716 826 1771 ep.
845 1701 880 1755 ad
901 1700 976 1765 Cels.
998 1717 1026 1770 p.
1040 1701 1084 1756 29.
1104 1697 1141 1752 de
1158 1712 1189 1751 se
1207 1698 1326 1766 loquens

283 1795 358 1850 dicit
374 1793 560 1849 mediocriter
578 1807 647 1846 enen.
683 1792 768 1862 Apud
792 1794 948 1865 scriptores
971 1793 1269 1862 historiaedugustue
1286 1796 1325 1850 si·

283 1886 365 1943 milia
383 1885 706 1955 frequentissimorum,
736 1893 767 1941 ut
783 1894 832 1940 tuo
847 1890 997 1943 clementio
1017 1887 1109 1960 Spart.
1130 1890 1195 1943 Ant.
1216 1889 1279 1944 Get.
1300 1893 1325 1945 l.

281 1983 399 2051 Leupr.
418 1981 543 2037 111121.
561 1979 605 2035 35.
640 1984 736 2032 oestro
754 1981 901 2037 clementio
924 1983 1019 2052 Spart.
1048 1982 1113 2038 del.
1133 1982 1202 2038 Ver.
1222 1985 1247 2037 2.
1271 1983 1325 2038 Go-

273 2066 338 2150 'pie
358 2076 427 2133 Ver.
447 2078 488 2129 11.
525 2072 672 2128 clementio
696 2089 731 2126 uc
752 2073 845 2143 pictae
863 2082 912 2130 tuo
929 2075 1044 2146 Lampr.
1063 2075 1129 2130 Ser.
1148 2076 1196 2132 Al.
1216 2078 1260 2133 65.
1280 2092 1324 2132 ee.-

282 2171 393 2226 renitoe
413 2177 460 2224 tuo
477 2167 569 2237 Capit.
585 2164 706 2221 Macrin.
726 2168 767 2222 15.

241 2262 248 2274 ’
352 2262 486 2318 Primus
505 2260 666 2328 redieram]
702 2259 747 2316 Gi.
764 2260 845 2316 locus
862 2278 908 2331 ep.
928 2262 962 2316 ad
975 2263 1063 2326 cels,
1082 2272 1165 2329 quent
1183 2264 1324 2333 exscripsi

282 2372 368 2428 supru
388 2375 417 2427 p.
436 2358 496 2412 195.
1301 2406 1304 2411 .

341 2436 594 2508 'Quotidicnnm
619 2453 840 2510 metetionem
869 2452 1056 2521 tractabis]
1102 2451 1150 2505 Ex
1176 2450 1231 2503 hoc
1257 2450 1322 2506 loco

281 2546 390 2616 collegi
411 2545 483 2616 prol.
501 2563 528 2616 p.
547 2547 606 2612 55,
624 2562 699 2610 enm,
727 2546 762 2601 ud
782 2562 864 2614 quem
885 2544 960 2599 liber
977 2546 1060 2599 datus
1079 2543 1131 2610 sit,
1160 2543 1196 2598 ad
1215 2543 1321 2599 belluni

280 2653 339 2698 tum
364 2642 555 2713 protecturum
578 2641 675 2696 fuisse.
711 2642 814 2711 ltaque
840 2641 1020 2714 quotidianae
1046 2638 1169 2709 positum
1195 2639 1323 2692 lere'est

278 2754 334 2809 pro
353 2736 492 2808 quotidie,
523 2745 554 2789 ut
572 2735 648 2804 apud
666 2735 745 2791 coes
761 2737 795 2790 B.
816 2737 852 2794 G.
870 2739 897 2801 7,
916 2737 959 2790 22.
977 2741 1003 2788 et
1019 2741 1183 2801 nostrorum
1201 2733 1323 2787 turrium

256 2831 471 2892 ·uttitudinem,
498 2838 627 2901 wantum
654 2828 705 2884 noe
731 2831 908 2900 quotidianus
926 2844 1021 2897 ⁴agger
1044 2832 1230 2893 expresserat.
1277 2823 1321 2878 Gi.

279 2924 356 2994 veg.
375 2927 407 2990 2,
427 2927 470 2980 21.
487 2929 519 2990 1,
539 2927 581 2980 15.
602 2927 634 2989 1,
652 2927 697 2982 35.
716 2927 748 2993 1,
768 2927 810 2981 16.
839 2925 936 2979 Front.
954 2922 1040 2978 Strut.
1059 2922 1091 2986 1,
1111 2923 1142 2986 l,
1164 2922 1187 2974 l.
1221 2916 1338 2981 Schele

280 3018 396 3090 putabet
414 3017 534 3074 novitati
552 3017 714 3074 metationis
732 3019 759 3072 lt.
774 3021 793 3074 l.
808 3018 915 3090 opponi
929 3016 1126 3086 quotidianam
1136 3012 1323 3084 metationem,

279 3113 307 3167 ln
326 3129 353 3168 e.
371 3113 523 3181 vulgarem.
558 3110 616 3167 Sed
634 3112 659 3166 si
676 3111 708 3165 id
726 3111 863 3167 voluisset
882 3110 1031 3182 Hyginus,
1057 3107 1234 3179 scripsissets
1261 3115 1322 3162 tro-

264 3207 419 3277 'etnoerie,
437 3205 467 3260 id
485 3206 561 3276 quod
581 3207 645 3277 ipse
661 3205 765 3263 Schele
781 3205 937 3274 flagitabat.

718 3409 720 3411 ·
768 3374 833 3426 48.

242 3585 246 3591 .
349 3511 586 3580 Perleramus]
620 3511 664 3567 cl.
684 3509 906 3582 prol.59,1⁰8.
941 3508 1019 3562 Inest
1041 3507 1070 3560 in
1089 3506 1144 3561 hoc
1163 3505 1250 3561 verbo
1268 3520 1321 3560 uo·

280 3606 322 3661 tio
338 3603 374 3659 ud
392 3605 476 3658 linem
492 3604 687 3674 perveniendi.

349 3697 570 3753 Observatur
587 3695 775 3768 generibus
794 3693 959 3764 quinque]
994 3693 1044 3749 ct..
1058 3707 1144 3763 supra
1161 3691 1197 3746 ud
1216 3692 1243 3748 9.
1268 3689 1321 3746 Ge·
1379 3745 1383 3749 ,

279 3809 349 3847 nero
368 3792 534 3848 munitionis
555 3791 626 3867 dicit
644 3790 750 3846 Caesar
767 3804 879 3857 quoque
895 3788 930 3842 B.
950 3788 986 3842 G.
1006 3791 1036 3850 ⁷,
1056 3789 1097 3844 72.

349 3885 663 3954 cereolis,armis‚
686 3879 834 3953 aggere]
865 3880 1065 3937 correctiones
1085 3879 1196 3935 Schelii
1217 3875 1322 3933 confir-

278 3990 391 4035 mantur
407 3997 454 4047 eo,
472 3980 547 4048 quod
566 3990 632 4052 post
648 3981 751 4037 fossam
770 3987 800 4034 et
812 3977 915 4033 vallum
933 3985 1030 4047 postea
1048 3975 1181 4046 deinceps
1200 3973 1320 4039 cervoli,

279 4088 370 4139 arms,
399 4076 488 4142 agger
512 4083 698 4144 exponuntur.
734 4068 875 4138 vegetius
893 4068 928 4123 ub
948 4069 1066 4142 Hygino
1086 4069 1251 4140 discrepans
1269 4064 1321 4120 tri·

277 4167 384 4238 plicern
403 4166 584 4224 munitionem
600 4167 756 4237 distinguit
773 4168 820 4233 (l,
838 4166 882 4220 21.
902 4167 934 4232 3,
952 4167 992 4230 8.)
1009 4164 1162 4221 secundum
1178 4161 1320 4216 diversam

279 4260 350 4316 belli
371 4258 579 4330 conditionem,
610 4277 662 4332 per
686 4275 769 4329 quum
786 4270 878 4316 cestra
896 4260 1026 4316 metenda
1049 4257 1113 4315 sint.
1151 4255 1244 4325 lpsins
1260 4252 1320 4309 Ve-
