3492 5242
829 682 907 793 uo

420 882 631 940 Quibusdam
650 886 882 941 intervallum
899 887 1268 957 est'e'ognom'instumJ
1307 889 1385 944 linbi-

351 979 405 1036 tari
425 986 529 1049 potest,
560 987 651 1032 utrum
669 979 739 1033 baec
758 978 796 1035 sit
813 979 949 1048 primarla
963 978 1135 1048 significatio
1152 981 1291 1036 vocabuli
1310 984 1385 1038 iruer-

351 1069 730 1136 ualli(utoensuit1llenae
749 1075 832 1133 llll,
860 1087 895 1125 an
915 1073 979 1139 illa,
1011 1089 1092 1142 qnam
1109 1073 1180 1127 laid.
1200 1074 1291 1144 Orig.
1311 1079 1385 1145 '55⁹'

351 1166 473 1236 profert,
509 1164 659 1220 secuudum
684 1180 766 1232 quam
790 1166 942 1221 intervallo
967 1168 1086 1238 proprie
1107 1167 1184 1222 dicta
1211 1169 1276 1224 sint
1306 1172 1387 1242 spada

350 1260 425 1313 inter
443 1260 538 1327 capitu
558 1259 705 1314 nouorum.
751 1259 813 1313 lloe
832 1271 924 1315 autem
945 1260 1138 1328 intervallum,
1174 1262 1213 1316 de
1237 1262 1311 1332 quo'
1325 1282 1389 1319 nune

350 1353 459 1420 agitur,
485 1352 604 1422 Polybii
624 1362 751 1420 tempore
768 1354 821 1407 100
839 1354 926 1423 pedes
944 1355 1029 1410 latum
1048 1368 1110 1410 erat
1127 1360 1164 1423 (6,
1183 1358 1257 1422 01),
1287 1358 1388 1429 llygiui

350 1449 400 1512 60,
419 1447 524 1500 Leonis
542 1449 594 1511 (ll,
613 1447 668 1508 16.)
686 1448 737 1501 300
755 1455 801 1498 aut
818 1447 877 1500 400.
914 1446 1096 1502 Intervallum
1113 1449 1222 1519 Hygini
1245 1450 1332 1504 uinis
1346 1466 1388 1503 sn·

350 1550 461 1609 gustum
480 1549 537 1601 est,
564 1555 646 1607 quam
665 1548 694 1594 ut
712 1539 804 1594 omnia
823 1539 969 1593 commoda
986 1541 1135 1610 praebeat,
1158 1558 1233 1609 quae
1254 1543 1390 1615 Polybius

350 1635 370 1689 l.
390 1652 414 1689 c.
431 1644 551 1688 enarrat.
604 1633 735 1702 Sagittae
752 1644 828 1687 certe
844 1635 880 1686 ab
898 1633 1027 1688 hostibus
1044 1651 1131 1706 super
1148 1635 1260 1691 vallum
1279 1638 1390 1691 omissae

351 1731 477 1787 tentoria
494 1729 634 1799 attingere
653 1742 789 1801 poterant
834 1730 892 1784 Sed
912 1729 966 1782 boc
986 1729 1173 1794 commodum,
1205 1730 1289 1796 quod
1308 1730 1389 1800 Poly·

351 1829 416 1883 bins
434 1838 563 1897 tanquam
587 1829 736 1882 maximum
755 1827 854 1890 effert,
887 1822 1092 1894 posterioribus
1115 1824 1300 1893 temporibus
1318 1824 1390 1878 ride-

350 1936 398 1980 tur
415 1938 477 1977 erse
497 1921 696 1992 posthabitum.
744 1919 930 1974 Intervallum
946 1921 982 1973 60
1004 1918 1106 1988 pedum
1128 1918 1222 1989 copiis
1240 1920 1390 1976 educendis

325 2000 327 2006 ¹
350 2015 526 2080 sufficiebat,
549 2013 625 2081 quod
644 2004 758 2080 quidem
777 2012 898 2065 maxime
917 2013 1104 2080 appetendum
1125 2022 1201 2078 (τηις
1234 2016 1390 2084 praestabat

246 2115 252 2135 ⁴
350 2119 442 2164 autem
460 2106 591 2176 ampliori
611 2106 760 2159 intervallo
778 2122 810 2159 ea
829 2121 876 2168 re,
910 2104 985 2171 quod
1008 2121 1061 2159 uon
1080 2116 1134 2161 tem
1153 2108 1269 2177 amplus
1293 2118 1390 2163 onno-

352 2217 412 2254 run
439 2199 560 2255 ambitus
583 2200 661 2253 losse
680 2199 810 2266 valloque
837 2199 1002 2254 muniendus
1027 2211 1096 2255 eran
1148 2199 1221 2254 Sine
1245 2200 1338 2256 dubio
1360 2218 1390 2255 ιι

353 2293 473 2364 Polybii
493 2294 606 2361 quidem
626 2305 755 2363 tempore
778 2294 958 2348 intervallum
976 2303 1032 2346 tum
1050 2294 1173 2363 amplum
1192 2294 1314 2363 fuisset,
1340 2295 1388 2350 alsi

352 2390 454 2447 velites
472 2391 501 2442 in
526 2406 562 2442 eo
589 2388 706 2443 tendere
732 2388 903 2444 debuissent·
952 2389 1065 2446 Velites
1089 2389 1162 2442 enim
1185 2390 1216 2443 in
1241 2408 1281 2445 eo
1308 2396 1389 2448 teies·

352 2484 430 2537 disso
446 2482 514 2535 inde
536 2492 666 2553 apparet,
700 2480 776 2548 quod
795 2482 952 2551 Polybius,
987 2482 1024 2535 de
1041 2497 1137 2535 eorum
1155 2483 1290 2538 tensione
1316 2500 1390 2558 pror·

351 2591 400 2629 sus
418 2586 528 2640 tacens,
561 2589 609 2627 eos
627 2574 730 2627 uallum
749 2572 938 2628 custodivisse
957 2584 1055 2629 narrat
1072 2577 1110 2639 (6,
1127 2572 1186 2638 35.)
1219 2577 1272 2631 ubi
1290 2582 1390 2652 τηροῦσι

353 2684 405 2738 pro
424 2670 553 2739 πληροῦσι
571 2667 718 2736 legendum
738 2668 802 2733 est).

421 2763 447 2816 A
466 2761 648 2832 praetorio
666 2760 742 2814 sine
760 2760 866 2813 dubio
886 2758 940 2812 via
960 2758 1141 2827 praetoria
1159 2761 1310 2833 dicitnr]
1336 2766 1389 2820 lan

351 2865 417 2908 ante
442 2856 598 2910 Pontannm
625 2844 793 2920 Rutgersius
816 2853 835 2907 l.
855 2868 879 2906 c.
904 2853 965 2907 419.
991 2865 1151 2909 correxerat
1179 2859 1305 2917 dieitur.
1352 2860 1389 2915 be

352 2949 516 3018 corruptela
535 2948 571 3000 cl.
593 2946 670 3000 infra
688 2948 731 3007 at,
749 2946 793 3001 16.
835 2945 964 2999 Ceterum
982 2948 1158 3017 etymologia
1180 2964 1237 3003 non
1257 2954 1332 3010 satis
1347 2968 1388 3007 ιο-

352 3049 522 3102 curassem,
539 3041 574 3093 cf.
592 3058 620 3110 p.
633 3041 691 3095 134.
721 3039 776 3095 Via
794 3038 938 3107 praetoria
955 3041 1029 3108 apud
1041 3041 1196 3111 Polybium
1214 3061 1274 3099 nou
1288 3060 1334 3103 est
1346 3050 1389 3103 10

351 3131 442 3203 pedes
464 3133 532 3194 lata,
564 3145 593 3186 ut
612 3132 676 3186 dixi
695 3134 771 3188 Hiar.
788 3141 855 3189 mut.
878 3151 905 3202 p.
925 3138 983 3198 64,
1018 3134 1068 3189 sed
1089 3136 1265 3204 60(Ρο1.6,
1284 3144 1331 3204 31,
1347 3146 1387 3208 7.)

353 3226 422 3282 Sine
439 3227 523 3282 dubio
542 3225 619 3281 dixit
638 3227 713 3296 llyg.
725 3228 814 3282 ,etiam
832 3226 908 3282 inira
924 3229 966 3283 46.
983 3230 1025 3284 53.

420 3320 628 3377 Latitudine
646 3323 814 3392 utsupra]
847 3324 885 3378 Ut
903 3339 988 3392 aupru
1006 3338 1044 3377 sc.
1064 3321 1109 3376 via
1127 3322 1313 3396 principalis.
1347 3326 1387 3385 si·

351 3415 459 3471 militer
478 3423 508 3469 ut
531 3433 617 3485 aupru
636 3428 751 3486 usurpat
769 3415 902 3486 Hyginus
922 3432 979 3470 rem
998 3424 1185 3486 comparatam
1205 3420 1332 3475 reticens
1351 3422 1385 3475 16

352 3511 459 3564 1118.

421 3604 574 3674 Propter
591 3620 687 3670 quarn
706 3635 736 3647 -
756 3619 821 3655 uon
838 3604 1056 3672 percurrunt]
1080 3605 1200 3674 Propter
1218 3607 1282 3663 lul.
1300 3607 1386 3678 sigri-

351 3697 417 3752 lioat
435 3701 536 3764 neben,
566 3715 603 3752 un
621 3726 652 3739 -
672 3697 731 3751 lter.
778 3699 919 3751 Yenrurue
937 3696 1065 3752 correxit
1080 3701 1136 3765 jam
1156 3708 1223 3754 ante
1241 3700 1386 3757 Sebelian

351 3793 439 3859 Rntg.
458 3792 478 3844 l.
498 3808 521 3844 c.
539 3793 600 3848 410.
623 3822 654 3835 -
698 3793 865 3860 Superiores
885 3792 1011 3862 appellat
1028 3791 1144 3861 strigas,
1171 3794 1242 3859 quia
1261 3809 1387 3865 prseter-

352 3895 416 3939 tura
434 3885 567 3954 superior
586 3900 651 3955 pars
670 3896 820 3940 castrorum
840 3895 891 3939 est.
910 3913 942 3923 -
985 3885 1131 3940 Praetwis'
1147 3903 1199 3940 ora
1220 3888 1330 3945 dietum
1348 3900 1387 3945 ert

353 3987 384 4032 ut
407 3996 459 4033 orn
481 3980 630 4050 pbulnnpia
654 3981 727 4051 apud
747 3982 844 4037 Front.
864 3981 951 4037 Strat.
972 3985 1043 4049 1,3,
1062 3981 1104 4034 10.
1148 3982 1264 4051 Equites
1283 4003 1304 4041 n
1322 3986 1386 4040 sini·

352 4080 415 4127 etro
432 4090 518 4127 ιονιιιι
535 4080 651 4142 praeter
670 4090 722 4128 oro
737 4075 887 4144 plulunpis
899 4075 987 4144 jussit
1008 4082 1209 4129 transcurrere.
1228 4104 1265 4117 -
1309 4079 1385 4134 (lete-

352 4180 413 4219 rum
429 4167 484 4231 jam
503 4164 575 4234 apud
595 4165 748 4237 Polybium
771 4167 879 4236 strigae
900 4167 1192 4223 extraordinariorum
1209 4181 1241 4226 et
1261 4172 1385 4229 abiectu·
