3492 5242
765 694 816 772 21

270 898 308 964 in
331 921 398 988 quo
427 907 535 964 umen
556 909 666 964 utrum
693 901 779 966 liber
800 901 840 967 de
869 900 1107 967 munitionibus
1130 913 1309 971 castrorum

270 1009 353 1075 insit
372 1033 476 1075 necne
497 1009 664 1075 nescimus
685 1014 739 1088 56).

355 1118 396 1183 Iu
414 1117 561 1207 reliquis
574 1118 742 1184 codicibus
765 1128 806 1184 'ex
826 1119 1007 1185 Aroeriano
1028 1120 1135 1186 ductis
1158 1121 1309 1190 omnibus
1342 1184 1344 1188 ,

269 1226 355 1291 liber
382 1225 440 1292 illc
471 1227 580 1290 inesse
614 1235 670 1291 aut
701 1235 788 1292 certe
816 1226 957 1293 infuisse
987 1228 1115 1295 videtur
1135 1233 1193 1306 51).
1237 1227 1309 1297 Nee

268 1343 376 1399 tamen
407 1334 509 1399 ullius
541 1333 672 1400 collatio
705 1344 821 1401 exstat.
874 1334 941 1403 seu
969 1338 1031 1403 hoc
1060 1337 1170 1403 minus
1198 1338 1309 1403 dolen·

269 1445 347 1508 dnm
369 1451 440 1528 est,
469 1444 558 1532 qnod
579 1443 684 1531 ipsam
704 1453 840 1509 matrem
861 1443 1004 1510 familiae
1027 1445 1203 1530 novimns3
1232 1471 1309 1534 qua·

266 1564 403 1644 propter
424 1554 602 1620 lectionum
625 1551 774 1618 codicum
795 1552 928 1618 illorum
949 1553 989 1618 ab
1009 1553 1182 1619 Arceriani
1204 1554 1309 1644 ipsius
1334 1557 1338 1567 '

267 1663 466 1729 lectionibus
482 1663 738 1751 discrepantium
754 1663 927 1729 auctoritas
950 1664 1040 1731 nulla
1053 1677 1107 1731 ant
1128 1667 1197 1731 fere
1218 1666 1310 1733 nulla

266 1771 471 1836 dehet‘essc.
668 1857 670 1862 Ι
895 1838 901 1848 ,

297 1919 299 1923 -
353 1883 496 1946 Prorsus
523 1880 587 1947 alia
608 1882 752 1947 conditio
773 1891 824 1947 est
852 1881 965 1947 tertiae
993 1882 1136 1949 familiae
1152 1884 1309 1966 ⁸codicum

264 1991 539 2079 agrimensorum‚
561 1990 681 2079 inqua
703 1991 810 2058 Marci
829 1991 925 2058 Junii
942 1991 1055 2085 'Nypsi
1076 1995 1229 2085 plagiarii
1250 2019 1307 2061 no·
1331 2066 1333 2070 Α

264 2126 341 2167 men
365 2126 441 2167 vera
462 2114 629 2168 auctorum
652 2103 784 2171 uomina
811 2106 981 2170 maximam
1013 2117 1138 2194 partem
1160 2106 1307 2172 elimina·

264 2213 315 2280 vit
335 2213 390 2293 5θ).
435 2213 518 2278 Nam
541 2223 643 2278 mater
663 2213 763 2300 hujus
784 2213 927 2279 familiae
949 2214 1048 2303 periit
1070 2240 1179 2300 nunc,
1203 2217 1248 2280 ita
1270 2226 1307 2282 ut

266 2322 415 2388 codicum
446 2323 651 2413 singulorum
677 2322 839 2414 originem
868 2319 909 2390 ei
931 2325 1052 2413 sparsis
1084 2325 1307 2391 tantummodo

266 2432 472 2522 singulisque
515 2433 647 2500 iudiciis
681 2435 835 2523 indagare
869 2433 1045 2523 possimus.
1109 2432 1148 2498 si
1176 2432 1306 2498 codices
1376 2441 1379 2446 ⁴

264 2541 365 2627 hujus
386 2541 528 2607 familiae
548 2543 806 2632 perlustramus,
834 2543 982 2608 videmus
1005 2543 1134 2626 statim,
1164 2541 1304 2607 nonnul·

261 2649 317 2714 los
339 2671 431 2733 esse,
460 2650 518 2739 qni
551 2674 618 2715 non
645 2650 750 2738 ipsius
780 2650 982 2739 recensionis
1004 2649 1216 2738 Nypsianae,
1247 2650 1305 2715 scd

264 2759 507 2848 compilationis
530 2784 571 2825 ex
591 2784 629 2826 ea
657 2761 760 2826 saetae
789 2760 967 2849 imaginem
999 2758 1182 2824 exhibeant.
1227 2759 1304 2824 Huc

262 2869 407 2959 pertinet
417 2871 518 2935 codex
530 2871 734 2938 Florentinns
757 2870 1021 2936 membranaceus
1044 2865 1166 2937 saeculi
1179 2865 1243 2931 XI.
1261 2864 1304 2952 ⁵⁹)

263 3001 340 3044 cum
374 2979 569 3069 apographis
603 2983 715 3047 codice
744 2985 835 3066 regio
865 2983 1018 3045 Parisino
1047 2981 1149 3060 3359,
1193 2977 1304 3043 codice

264 3090 423 3154 Vaticano
444 3094 547 3166 3894,
580 3090 691 3155 codice
710 3092 983 3174 sangermanensi
1004 3088 1062 3166 ⁶⁰).
1108 3086 1219 3151 Codex
1246 3109 1302 3150 au·

262 3206 330 3260 tom
361 3199 537 3263 Vaticanus
567 3203 662 3266 3895.
701 3208 734 3262 ct
762 3199 862 3263 codex
896 3199 1090 3262 Mutinensis
1113 3192 1155 3282 61)
1188 3195 1249 3259 etsi
1283 3218 1301 3259 e

264 3304 456 3370 Florentino
486 3305 575 3370 ducti
603 3328 670 3370 non
693 3315 789 3390 sunt,
821 3304 983 3393 originem
1008 3316 1114 3369 tamen
1137 3327 1179 3368 ex
1201 3294 1301 3398 simili

264 3413 495 3503 compilatione
523 3412 726 3480 collectionis
755 3400 944 3503 Nypsiauae
972 3411 1106 3479 ducunt.
1148 3412 1200 3478 Ex
1225 3411 1300 3476 Flo·

331 3642 376 3700 56)
411 3638 568 3692 Secundum
592 3653 639 3703 ea,
668 3652 740 3702 qtrae
756 3639 901 3705 catalogus
923 3638 1026 3705 affert,
1055 3638 1148 3693 inesse
1171 3655 1238 3692 sane
1258 3637 1300 3690 vi-

261 3735 353 3788 detur.
387 3732 504 3792 Nescio,
530 3731 632 3799 quibus
650 3731 740 3785 causis
765 3743 919 3786 commotus
936 3732 1046 3786 dubitet
1065 3733 1156 3786 Haase
1179 3728 1207 3784 iia
1225 3729 1299 3786 Jatn

259 3832 362 3890 Jatro.
377 3827 486 3894 xvn,
504 3843 532 3895 p.
550 3827 611 3882 218.

329 3925 376 3989 5⁷)
410 3922 456 3976 De
474 3919 575 3976 Zeissii
596 3920 693 3975 codice
711 3920 745 3974 cl.
764 3917 846 3974 Zeiss
865 3919 885 3974 l.
903 3936 927 3974 c.
950 3936 977 3988 p.
995 3921 1055 3976 878.
1173 3978 1176 3985 ,

328 4019 385 4090 58),
411 4016 447 4072 V.
467 4016 567 4069 Blnme
584 4032 611 4085 p.
630 4015 681 4070 215
699 4030 761 4080 sqq.

329 4116 373 4173 59)
408 4113 508 4166 Blume
527 4129 554 4182 p.
571 4113 730 4168 218-221.

258 4250 263 4268 ,
330 4211 373 4268 6⁰)
407 4209 509 4262 Blume
529 4227 556 4280 p.
575 4211 641 4272 222,
663 4210 696 4275 1).
715 4207 782 4270 223,
802 4209 829 4260 4)
848 4209 877 4257 et
896 4206 934 4269 ti·

330 4305 376 4370 61)
410 4304 447 4360 V.
465 4303 564 4357 Blnme
584 4317 611 4372 p.
631 4302 690 4357 tta.
709 4303 770 4358 226.
