3492 5242
925 633 1003 710 176

412 874 415 879 -
446 846 569 891 maturae
596 846 796 906 proteguntur,
833 839 873 894 ita
899 841 1040 915 Jose'phus
1064 845 1108 911 (B.
1128 845 1195 901 iud.
1213 849 1245 911 3,
1263 847 1295 912 6,
1313 847 1351 910 3.)
1379 856 1487 914 narrat,

331 989 341 996 ,
446 933 647 1004 Vespasianum
665 934 842 1005 praemisisse
860 936 937 989 levia
949 939 1057 992 auxilia
1070 948 1099 992 et
1112 938 1275 1006 sagittarios
1289 937 1323 992 ad
1342 940 1487 1009 repellen-
1541 989 1542 1000 ,

444 1027 498 1080 das
514 1025 619 1079 subitus
636 1027 765 1086 hostium
777 1028 969 1097 incursiones,
1002 1047 1107 1103 eosque
1123 1043 1235 1085 secutos
1260 1047 1322 1092 esse
1344 1030 1488 1094 ὁδοποιοὺς

443 1118 479 1172 co'
493 1140 524 1173 τε
545 1119 638 1174 σκόλια
661 1124 709 1190 τῆς
731 1121 862 1196 λεωφόρου
880 1123 1049 1177 κατευθύνειν
1075 1125 1119 1176 καὶ
1136 1126 1299 1191 χθαμαλοῦν
1314 1123 1350 1178 τὰ
1367 1125 1489 1193 dictim

444 1214 551 1275 ααὶτὰς
567 1217 706 1279 ἐμποδίους
722 1211 1035 1290 ὕλαςπροαοακόπτειο,
1067 1215 1100 1278 uic
1117 1217 1154 1289 m}
1175 1222 1363 1291 ταλαιπωροῖτο
1388 1221 1500 1280 cinctra-¹

333 1368 334 1371 Ἴ
443 1314 508 1382 potia
533 1311 564 1364 τὸ
590 1310 750 1384 στράτευμα,
780 1311 823 1365 Cf.
841 1315 872 1381 3,
891 1315 921 1374 7,
938 1316 965 1368 3.
991 1314 1021 1375 ὅ,
1039 1313 1070 1379 3,
1092 1316 1116 1368 1.
1152 1313 1230 1367 lderu
1257 1313 1407 1386 praecipit,
1425 1315 1488 1369 Leo

445 1406 478 1470 9,
497 1409 523 1462 9.
1307 1412 1310 1422 ’
1362 1466 1366 1472 ,
1391 1439 1394 1447 ι

448 1530 454 1553 t
514 1499 578 1556 Qui
598 1503 625 1570 a]
651 1500 772 1564 Schele,
789 1501 839 1570 qui
859 1500 934 1571 legit
953 1503 1034 1572 quic,
1053 1516 1150 1555 vocem
1169 1500 1333 1569 eiiciendam
1346 1490 1413 1557 >esse
1428 1521 1486 1574 pu-

446 1594 551 1648 tabat.-

514 1688 597 1743 ltem
623 1691 876 1762 exploratores
901 1690 935 1744 in
954 1690 1070 1758 striga
1088 1686 1230 1742 cohorti
1257 1686 1388 1757 primae
1406 1701 1486 1758 pro·-

443 1783 546 1851 xima]
574 1783 650 1836 llaec
667 1783 737 1839 citat
753 1801 790 1837 ex
809 1783 870 1839 tus.
890 1781 1127 1851 Lindenbrogud
1146 1784 1234 1835 Arum.
1253 1770 1340 1835 utare.
1355 1784 1485 1849 lisid-

430 1860 651 1946 'Exploratores
668 1893 723 1929 non
747 1893 832 1947 posse
850 1875 968 1932 tendere
986 1876 1015 1928 in
1034 1876 1096 1944 ipsa
1114 1874 1204 1944 striga
1222 1875 1346 1930 coirortis
1367 1876 1487 1945 primae,

442 1969 473 2024 id
492 1970 867 2038 quodstatuendnmesset,
887 1971 910 2022 si
929 1969 1088 2036 legeremus
1106 1986 1167 2022 cum
1186 1968 1315 2024 Schelio:
1342 1971 1374 2023 in
1389 1971 1488 2040 striga

443 2065 568 2119 solertia
587 2065 716 2134 primm,
751 2072 870 2134 apparet
887 2079 924 2115 ex
942 2061 999 2128 eis,
1035 2077 1108 2127 quae
1126 2063 1161 2114 ad
1180 2064 1205 2117 t.
1223 2062 1427 2134 disputavimus
1438 2066 1486 2130 (v.

442 2173 528 2229 supra
548 2176 575 2228 p.
596 2160 647 2214 126
663 2162 727 2227 sq).
782 2159 882 2226 ltaque
906 2158 1073 2228 scripseram
1100 2159 1175 2212 ilict.
1203 2165 1266 2212 mut.
1286 2162 1335 2225 70,
1354 2161 1379 2215 9.
1404 2160 1487 2225 inira

442 2241 562 2322 euripum
580 2252 839 2322 cultortt'aprimce.
885 2250 941 2306 Sed
961 2249 1072 2304 facilius
1090 2262 1168 2306 certe
1186 2251 1216 2304 id
1235 2261 1303 2316 est,
1318 2250 1393 2319 quod
1412 2269 1488 2308 nunc

442 2344 471 2398 iu
494 2354 599 2400 textum
616 2345 727 2414 recepi,
748 2343 915 2414 praesertim
934 2361 1019 2409 cnm,
1030 2344 1056 2397 si
1073 2346 1205 2413 proximu
1219 2345 1396 2401 obliteratum
1413 2347 1494 2402 luis-⁴

402 2434 409 2444 '
442 2455 475 2493 se
492 2441 653 2506 statuimus,
673 2440 851 2510 explicetur,
871 2441 1012 2507 quomodo
1030 2456 1151 2506 sequens
1170 2440 1332 2495 vocabulum
1350 2440 1378 2495 in
1398 2437 1503 2506 codd(

440 2537 626 2603 praetendant
651 2532 785 2601 scriptum
808 2534 862 2598 sit,
898 2533 974 2601 quod
995 2549 1064 2588 ‚esse
1083 2533 1167 2587 debet
1186 2537 1358 2603 retendant,
1382 2543 1412 2588 ut
1428 2537 1487 2602 jam

443 2627 546 2682 Schele
564 2627 754 2680 intellexerat.
797 2626 1004 2697 Exploratores
1022 2637 1113 2682 autem
1131 2638 1194 2681 sunt
1215 2627 1340 2696 pedites,
1368 2637 1398 2682 ut
1417 2645 1486 2697 pro-

443 2716 488 2775 dit
505 2737 542 2773 ex
559 2719 777 2789 computatione,
796 2735 879 2785 quam
898 2720 974 2775 inira
991 2721 1026 2773 ad
1041 2723 1083 2776 35.
1099 2705 1217 2776 institui.
1251 2721 1323 2775 Nast
1340 2737 1390 2775 eos
1402 2724 1487 2789 (381.)

379 2802 385 2854 ’ἶ
443 2828 496 2882 pro
514 2813 658 2880 equitibus
678 2813 789 2874 habuit,
815 2813 933 2866 tortasse
951 2811 1018 2879 quia
1037 2813 1150 2880 saepius
1168 2813 1243 2883 apud
1260 2814 1417 2883 scriptores
1433 2831 1485 2869 ex-

442 2908 603 2977 ploratores
630 2907 740 2973 equites
765 2920 1017 2963 commemorantur
1042 2908 1091 2976 (cf.
1111 2907 1186 2961 inter
1208 2906 1264 2960 alia
1281 2911 1344 2961 Arr.
1366 2910 1418 2963 Ac.
1434 2910 1483 2962 Al.

442 3003 485 3054 98.
510 3001 610 3054 Blanc.
629 2999 710 3052 Caes.
727 2998 761 3052 B.
782 2999 818 3053 G.
839 3004 863 3064 l,
883 3002 946 3066 33).
992 3002 1098 3055 Taedet
1115 3000 1238 3071 Royinm
1260 3002 1317 3057 183.
1332 3011 1362 3054 et
1380 3002 1484 3056 Plane-

443 3107 503 3145 rum
520 3095 562 3147 67.
581 3109 634 3161 per
658 3090 770 3157 singula
795 3092 927 3146 refutare.
980 3093 1044 3147 Non
1070 3104 1222 3161 sequuntur
1241 3095 1378 3165 vestigia,
1411 3112 1484 3163 qnae

317 3184 324 3194 ¹
398 3170 401 3174 Δ
442 3184 516 3255 apud
535 3184 680 3256 Hyginum
698 3193 821 3251 exstant,
847 3185 898 3238 sed
917 3201 995 3239 suum
1014 3185 1140 3255 ipsorum
1158 3186 1318 3245 arbitrium.

927 3354 993 3406 25·

506 3469 722 3538 Retendunt]
747 3468 790 3523 cf.
803 3470 846 3522 31.
865 3469 907 3523 ll·
926 3477 953 3522 et
971 3468 1007 3522 de
1026 3468 1112 3522 verbo
1130 3470 1265 3540 opposito
1280 3470 1484 3541 pr·uetendendi

439 3587 465 3641 p.
474 3570 534 3625 lut.
560 3567 702 3621 cohortes
716 3575 860 3633 equestres
873 3565 903 3617 in
921 3574 1063 3619 retentura
1079 3562 1196 3618 tendere
1211 3573 1320 3629 constat
1331 3581 1368 3619 cx
1385 3567 1424 3619 19.
1436 3565 1481 3620 46.

507 3661 624 3715 Omnis
649 3661 750 3714 miles
776 3657 1016 3729 provincialis
1042 3656 1171 3727 accipit
1193 3657 1398 3727 pedaturam
1424 3673 1481 3725 pe·

438 3755 512 3809 dem
531 3757 670 3824 adjecta
686 3737 819 3833 qffiuta]
843 3752 958 3808 Salmas.
978 3751 1011 3803 ad
1032 3749 1107 3820 Vop.
1127 3750 1214 3805 Proh.
1234 3755 1273 3806 14.
1293 3761 1368 3805 errat
1385 3751 1416 3806 in
1434 3767 1481 3815 eo,

437 3850 513 3916 qnod
535 3851 652 3905 militem
668 3848 871 3920 prouincialem
892 3847 1091 3915 interpretatur
1108 3846 1304 3914 lepionarium.
1338 3845 1409 3911 Nam
1425 3848 1481 3899 etsi

438 3942 591 4010 legionarii
610 3953 677 3997 sunt
701 3940 892 4011 provinciales
912 3938 958 4000 (cl.
977 3952 1063 4004 supra
1082 3940 1130 3992 lll
1149 3942 1220 4005 sq.,)·,
1250 3948 1339 3993 tamen
1365 3949 1482 4009 praeter

436 4036 612 4106 legionarios
637 4035 743 4101 reliqui
768 4051 880 4102 quoque
899 4033 1005 4088 milites
1028 4042 1091 4086 snut
1114 4033 1317 4102 provinciales,
1349 4035 1481 4105 exceptis

436 4129 556 4196 auxiliis
574 4129 698 4197 gentium
717 4138 886 4182 exterarum.
931 4128 988 4180 Pes
1005 4125 1112 4193 adjecta
1130 4126 1228 4194 quinta
1252 4137 1332 4196 purte
1349 4127 1432 4200 pedis
1449 4127 1480 4182 in

436 4240 533 4280 omues
548 4222 663 4295 pedites
680 4231 873 4293 computatur,
905 4237 942 4275 ex
960 4234 1049 4286 eaque
1069 4220 1167 4288 regula
1190 4220 1338 4291 colligitur
1361 4222 1480 4292 pedatu·
