3492 5242
906 672 1014 785 eo

463 880 686 947 Bibliothecae
717 879 855 949 lenensi
889 879 1055 946 Zimmcrn
1092 875 1127 944 id
1162 898 1247 941 anuo
1274 873 1368 944 1827.
1401 876 1503 944 donu-

342 987 344 996 ,
463 991 592 1071 Μ

507 1098 509 1103 ’
547 1102 579 1165 l.
626 1101 855 1184 apographum
884 1100 1105 1172 Nonss'unum,
1138 1094 1269 1161 saeculo
1300 1093 1397 1160 XVI.
1428 1092 1503 1183 ipss

463 1208 630 1274 Francisci
644 1207 762 1272 Nausii
785 1208 1075 1293 manuscriptum,
1098 1203 1219 1268 alicubi
1241 1226 1329 1292 nunc
1350 1203 1430 1268 latet
1441 1201 1500 1289 ⁵¹).

547 1318 577 1382 5.
621 1319 788 1402 Excerpia
820 1319 952 1401 Jooeplt
982 1318 1148 1399 Scaligers'
1187 1312 1324 1379 Parisiis
1358 1313 1500 1378 fortasse

463 1427 657 1493 delitescunt
678 1428 732 1506 ⁵i).

546 1537 578 1603 6.
611 1538 854 1622 spograpltum
889 1543 1025 1604 loannis
1052 1540 1178 1603 Arcerii
1214 1559 1302 1600 nunc
1341 1532 1399 1598 ubi
1440 1531 1500 1615 sit,

461 1647 631 1735 ignoratur
651 1644 713 1732 ⁵⁸)2‘
766 1692 768 1697 ·
1023 1686 1025 1692 ·
1058 1669 1060 1673 ’

545 1755 577 1820 7.
623 1750 734 1820 Codex
761 1755 896 1838 qnidam
923 1757 1047 1820 soeculi
1067 1757 1179 1837 ΧΠ,
1210 1777 1308 1843 quem
1325 1751 1428 1818 ,Zeiss
1448 1751 1500 1816 in·

373 1872 374 1875 ’
461 1865 569 1957 spexit
591 1861 917 1950 commemoravitque
938 1862 993 1950 ⁵⁴).
1286 1867 1289 1871 '

546 1976 602 2041 Ad
632 1974 788 2041 familiam
817 1973 939 2040 codicis
971 1972 1145 2039 Aroes-iani
1175 1973 1339 2063 pertinere
1370 1971 1501 2038 videtur

461 2074 620 2175 denique:
1491 2089 1494 2096 '

542 2197 573 2262 8.
620 2195 730 2261 Codex
750 2195 925 2278 Lentiensis
946 2191 1209 2258 membranaceus
1231 2190 1354 2257 sacculi
1375 2190 1421 2255 X.
1438 2191 1496 2274 5ὅ),

526 2471 573 2531 50)
610 2468 646 2523 V.
665 2466 778 2521 omnino
796 2467 897 2520 Blnme
917 2456 1072 2521 unt-207.
1093 2467 1184 2521 192-
1196 2466 1254 2521 105.

524 2561 571 2629 bl)
598 2557 643 2627 vV.
661 2559 839 2614 Blumeltll.
859 2561 919 2615 180.

523 2654 570 2720 52)
606 2651 642 2707 V.
662 2650 762 2705 Blume
779 2669 807 2721 p.
826 2654 888 2709 000.
923 2652 995 2705 Num
1022 2668 1059 2704 ex
1087 2651 1134 2706 bis
1159 2651 1305 2722 excerptis
1334 2662 1376 2705 est
1400 2655 1494 2707 codex

457 2745 622 2800 chartaceus
637 2743 851 2813 Scaligerrnus,
878 2745 928 2810 qui
953 2744 982 2798 in
1002 2740 1130 2813 catalogo
1154 2744 1343 2800 bibliothecae
1362 2739 1495 2816 Le'yden·

457 2839 497 2894 sis
515 2841 603 2907 (1716.
622 2839 692 2906 iol,
710 2855 737 2908 p.
759 2841 826 2903 339,
846 2852 919 2893 num.
939 2841 964 2893 0.
997 2839 1033 2891 cl.
1051 2838 1151 2892 Blnme
1170 2856 1197 2910 p.
1216 2843 1278 2905 377)
1297 2856 1494 2893 commemora·

456 2933 567 2987 0111-
598 2931 739 2997 Scaligeri
758 2944 839 2983 curas
857 2931 887 2980 in
905 2929 980 2981 libro
998 2944 1094 2985 nostro
1113 2933 1220 3001 positas
1239 2941 1267 2984 et
1285 2932 1361 3000 ipsas
1370 2933 1494 2987 Parisiis

456 3025 626 3079 delitescere
645 3024 761 3091 conjicit
778 3025 812 3078 F.
830 3024 923 3076 Haase
943 3024 973 3077 in
991 3026 1065 3080 Julrn
1076 3027 1176 3080 latro.
1190 3024 1290 3093 XVII,
1309 3043 1336 3094 p.
1349 3030 1411 3084 119.
1440 3028 1494 3082 ·De

456 3119 533 3174 curis
557 3119 619 3173 illia
636 3118 779 3186 scaligeri
801 3120 894 3173 locnm
918 3121 1055 3188 quendam
1078 3138 1115 3175 ex
1137 3121 1260 3191 epistola
1277 3120 1433 3189 Scaligeri,
1463 3131 1493 3178 ut

456 3213 539 3280 dicit,
557 3213 650 3268 affert.
686 3211 742 3266 Sed
762 3221 855 3265 exstat
871 3213 950 3265 locus
970 3212 1021 3267 ille
1040 3213 1068 3265 in
1088 3213 1210 3284 epistola
1228 3213 1316 3268 lsaaci
1333 3215 1492 3270 casauboni

454 3304 672 3360 adscriveriuor
690 3306 773 3359 datae
792 3311 830 3371 (v.
846 3305 965 3359 casaub.
984 3323 1049 3376 epp.
1068 3305 1114 3360 ed.
1127 3308 1323 3369 Almeloveeu.
1344 3313 1421 3365 1700.
1441 3311 1490 3366 iol.

454 3418 499 3470 ep.
518 3403 585 3466 575,
613 3401 735 3468 1130411
763 3400 832 3453 Sunt
850 3401 958 3469 quidem
978 3402 1008 3455 in
1026 3418 1057 3454 eo
1077 3403 1164 3456 mullo
1182 3405 1315 3469 obscura,
1338 3406 1425 3458 moda
1442 3391 1490 3459 cle·

451 3497 568 3564 plorato
586 3501 612 3547 et
631 3495 815 3560 conclamato,
833 3511 884 3549 noa
902 3501 992 3547 tumen
1009 3497 1123 3550 assidua
1141 3497 1222 3551 illiue
1240 3499 1408 3552 tractatione
1429 3506 1489 3552 ton·

453 3596 511 3643 lum
533 3589 692 3659 'profecisse
715 3589 857 3652 uidemur,
885 3595 915 3640 ut
941 3604 1043 3655 operae
1068 3589 1097 3642 in
1122 3605 1153 3642 eo
1175 3591 1286 3659 positae
1308 3592 1421 3646 nsinime
1440 3609 1490 3647 noa

407 3733 409 3735 .
450 3685 598 3750 poeniteat.
646 3681 804 3736 casauboni
839 3691 932 3738 autern
960 3697 1044 3736 corae
1071 3698 1126 3739 nou
1150 3683 1249 3738 dubito
1276 3686 1343 3752 quin
1367 3685 1490 3740 Parisiis

452 3786 571 3831 exstent.
887 3807 892 3817 ·
939 3824 943 3835 .

400 3875 402 3882 '
519 3872 564 3928 63)
603 3868 640 3925 V.
657 3869 759 3924 Blame
777 3886 805 3938 p.
823 3871 884 3925 1081

519 3966 565 4028 54)
602 3962 638 4017 V.
651 3963 730 4019 Zeiss
748 3965 776 4017 in
790 3963 933 4020 Zeiteclsr.
950 3967 972 4031 Ι.
991 3966 1369 4023 d.Altertbumsus'ar.184⁰.
1389 3970 1488 4036 psat.

518 4060 564 4124 66)
600 4058 726 4127 Gatalog.
760 4058 828 4114 bibl
856 4060 948 4130 Leyd.
978 4079 1005 4132 p.
1023 4063 1084 4117 310.
1127 4061 1228 4116 Blusne
1259 4079 1287 4131 p.
1306 4064 1368 4117 376.
1407 4061 1488 4119 Fieri

436 4159 555 4220 potest,
578 4161 608 4206 ut
626 4151 674 4204 lric
693 4151 786 4205 codex
803 4151 958 4218 aliquando
981 4152 1010 4206 iu
1029 4155 1206 4223 possessione
1224 4153 1365 4211 Ludcrici
1382 4155 1488 4211 Mirsei

450 4244 550 4306 luerit,
570 4261 593 4299 v.
614 4260 702 4314 snpra
721 4260 785 4313 pag.
808 4248 856 4310 13,
877 4257 935 4300 not.
954 4247 1010 4308 30).
1336 4256 1338 4260 ’
