3492 5242
864 628 995 723 5.,

356 827 477 912 dubia,
506 830 569 895 hoe
589 839 713 893 tantum
733 827 846 893 aberat
867 838 905 891 ut
923 850 975 895 nae
997 827 1191 916 deterreret,
1223 845 1259 899 ut
1280 848 1391 903 eontra

355 937 512 1004 festinare
544 961 597 1003 me
628 938 674 1016 in
693 937 818 1003 edendo
847 937 981 1026 Hygino
1005 937 1148 1023 juberet.
1214 942 1390 1034 Sperabam

355 1047 484 1115 scilieet
503 1049 574 1124 fote
602 1057 656 1131 nt,
687 1046 717 1112 si
738 1069 821 1112 nova
842 1044 944 1109 editio
965 1044 1044 1111 viris
1066 1047 1169 1114 doctis
1196 1052 1389 1139 traderetur,

355 1156 494 1222 aliorum
515 1179 646 1246 qnoque
678 1180 776 1247 opera
797 1167 910 1224 nostro
936 1155 1049 1223 libello
1076 1157 1249 1226 dicaretur.
1292 1146 1392 1250 Igno-¹

353 1275 410 1330 tas
431 1265 520 1330 enim
548 1265 783 1354 neglectasque
812 1265 885 1330 sine
907 1264 1006 1331 dubio
1026 1265 1079 1332 vel
1100 1267 1142 1333 ob
1163 1293 1235 1334 eam
1260 1293 1389 1339 eausam

353 1399 443 1442 nune
461 1376 568 1462 jacet,
589 1375 678 1465 quod
699 1387 765 1443 tam
786 1398 859 1439 raro
881 1384 931 1439 est
952 1373 1072 1441 editus.

418 1483 536 1550 Editus
551 1494 602 1549 ast
615 1483 764 1551 enimter
783 1492 920 1547 tantum.
963 1482 1015 1548 Ae
1035 1481 1240 1550 Seriveriana
1258 1487 1389 1575 quidem
1471 1523 1476 1526 ·

331 1580 335 1585 ’
352 1593 455 1680 editio
469 1594 512 1678 4),
535 1615 624 1683 quae
642 1593 797 1682 princeps
820 1605 882 1673 est,
907 1592 1016 1681 ipsum
1037 1602 1161 1659 textum
1181 1594 1305 1661 eodieis
1325 1600 1389 1663 Ar·

352 1702 478 1769 cemani
493 1726 554 1768 nee
569 1724 645 1788 eum
661 1701 740 1766 satis
753 1701 895 1766 fideliter
911 1701 1043 1768 exhibet
1055 1702 1095 1780 ⁵).
1134 1701 1267 1791 Optime
1282 1716 1389 1772 autem

351 1812 394 1877 de
409 1810 537 1900 Hygini
549 1811 635 1876 libro
652 1810 786 1876 meritas
803 1822 867 1896 est,
888 1811 1092 1903 sospitatoris
1106 1814 1239 1881 nomine
1255 1816 1388 1904 dignus,

351 1920 396 1987 R.
419 1920 466 1985 Η.
491 1918 630 2001 Soneio,
664 1919 722 2009 qui
743 1930 867 2014 textam
889 1920 1000 1986 multis
1021 1921 1104 1988 loeis
1125 1924 1284 2008 correxit,
1315 1948 1388 2013 pro-

330 2031 535 2122 ,tegumenta
556 2031 652 2096 etiam
674 2042 707 2096 et
728 2030 815 2096 notis
837 2029 1014 2095 illustravit
1029 2031 1069 2112 6).
1115 2031 1209 2114 Quae
1230 2034 1332 2101 editio
1352 2036 1388 2102 in

351 2139 485 2209 Graevii
505 2143 657 2206 theman
679 2152 791 2230 postea
812 2141 949 2230 repetita
965 2144 993 2220 ⁷)
1020 2140 1082 2207 etsi
1102 2141 1293 2208 immensam
1313 2143 1388 2210 doe*

349 2249 456 2316 trinae
478 2235 737 2340 additionisque
759 2248 885 2339 copiam
907 2248 1071 2335 eontinet,
1100 2274 1168 2315 uon
1189 2262 1320 2337 tam,
1345 2264 1389 2319 ut

349 2361 386 2427 in
409 2384 445 2425 re
461 2354 532 2424 ¹tam
553 2356 678 2424 difficili
699 2370 953 2424 consentaneum
974 2367 1047 2440 est,
1069 2357 1220 2424 omnibus
1242 2361 1388 2426 numeris

349 2471 496 2561 perfecta
528 2480 578 2536 est
605 2479 702 2559 atque
729 2467 888 2533 absoluta.
951 2464 1035 2532 Nam
1073 2490 1182 2534 veram
1218 2467 1388 2556 scriptoris

350 2578 546 2645 sententiam
569 2601 803 2667 nonnunquam
827 2600 895 2641 non
915 2587 1003 2641 reete
1026 2588 1075 2641 est
1096 2587 1262 2642 assecutus
1291 2588 1323 2643 et
1352 2577 1387 2642 in

351 2682 563 2775 numerosum
584 2682 880 2776 computationibus
900 2682 1077 2747 identidem
1097 2684 1209 2772 lapsus
1231 2695 1300 2769 est,
1329 2684 1387 2750 im·

351 2797 468 2888 primis
489 2808 596 2865 autem
627 2796 662 2860 in
694 2806 762 2861 arte
783 2793 896 2888 critica
925 2792 1104 2859 exercenda
1130 2815 1197 2856 uon
1225 2792 1310 2859 intra
1332 2793 1387 2878 ju·

351 2918 422 2989 stos
441 2907 525 2973 fines
547 2929 582 2972 se
603 2903 720 2970 tenuit.
763 2903 950 2969 Luxuriant
963 2902 1050 2968 enim
1067 2925 1202 2968 acumen
1223 2901 1255 2966 ei
1275 2900 1387 2990 plures

350 3018 387 3082 in
419 3014 560 3104 singulis
589 3014 672 3081 loeis
700 3012 904 3100 conjecturas
932 3011 1175 3101 suppeditabat,
1209 3029 1290 3100 quas
1312 3033 1385 3076 euna

349 3125 536 3218 promiscue
567 3125 704 3214 protulit
731 3145 791 3192 nee
823 3124 921 3191 eea-tis
950 3121 1150 3212 argumentis
1178 3121 1299 3186 dumus
1328 3120 1387 3184 uni

349 3234 490 3325 palmam
512 3233 620 3317 dedit,
648 3234 861 3316 factumest,
890 3242 927 3298 ut
948 3233 983 3297 in
1006 3231 1264 3317 conjecturarum
1285 3228 1385 3293 abun·

356 3629 358 3632 .
418 3575 447 3638 4)
481 3573 526 3627 m.
549 3573 658 3642 Veyetts'
677 3573 780 3626 Reuots'
804 3571 1105 3637 contumeliosamque
1132 3555 1238 3634 aliquit
1262 3569 1385 3619 ueterum
1443 3583 1447 3589 ¹
1545 3581 1546 3588 ¹

349 3671 384 3724 de
401 3685 435 3724 re
453 3668 577 3723 militari
595 3667 672 3721 liora.
691 3665 783 3734 Lugd.
800 3665 864 3720 Bet.
884 3667 960 3720 1697.
977 3680 1004 3733 p.
1024 3661 1173 3716 71-80.,
1242 3735 1243 3738 Ἰ
1297 3702 1300 3708 A

417 3789 462 3853 ὅ),
480 3785 613 3842 Quamvis
632 3784 706 3839 enim
725 3781 888 3838 Seriverius
907 3782 937 3836 in
956 3778 1130 3850 praefatione
1149 3775 1329 3847 poltioeatur,
1354 3788 1385 3826 se

349 3880 423 3937 nihil
441 3891 644 3945 correcturum,
662 3879 788 3934 correxit
806 3890 898 3935 tameo
917 3877 965 3931 hie
984 3875 1047 3929 illio
1065 3871 1164 3926 menda
1181 3869 1298 3924 leviora.
1318 3888 1321 3904 ¹

417 4003 447 4069 6)
483 3999 588 4072 Hyys'ui
607 3997 764 4052 Gromotios'
790 4002 817 4050 et
834 3993 947 4065 Potyoii
965 3989 1202 4062 Meyalopoliteut
1223 3987 1256 4042 de
1279 3983 1385 4039 eastris

349 4097 570 4167 Romouiequoe
589 4100 706 4149 enatant.
742 4093 776 4147 n
798 4090 835 4145 H.
858 4091 886 4147 S.
907 4082 1108 4146 amstelodami
1128 4084 1204 4161 loto

419 4218 447 4281 7)
485 4213 552 4269 Vol.
572 4213 611 4266 Χ.
630 4228 657 4279 p.
675 4212 727 4267 999
746 4226 810 4279 sqq.

1134 4318 1177 4382 1*
