3492 5242
838 870 931 923 Μ..

421 963 533 1019 Mauri
552 962 706 1030 equites,
724 959 900 1015 Pannonii
919 959 1113 1028 veredarii]
1148 950 1255 1018 llorurn
1273 974 1302 1020 et
1318 965 1391 1018 clas-

349 1060 472 1114 sicorum
491 1069 520 1112 et
536 1057 763 1127 exploratorum,
784 1052 841 1121 ¹qui
859 1052 994 1124 deinceps
1012 1069 1279 1127 commemorantur,
1305 1062 1391 1114 ratio·

350 1171 401 1207 nes
418 1153 447 1206 in
474 1152 565 1221 prima
589 1149 659 1203 libri
678 1159 759 1220 parte
778 1164 833 1202 nou
850 1148 1000 1217 exposuit,
1035 1150 1097 1204 sine
1121 1151 1209 1206 dubio
1227 1166 1390 1223 propterea,
1418 1153 1421 1156 ’

349 1250 425 1315 quod
451 1262 567 1316 prorsas
584 1243 683 1297 eadem
702 1242 810 1297 ratione
829 1257 863 1295 ac
881 1243 987 1310 reliqui
1008 1245 1131 1299 tendunt.
1179 1248 1293 1302 Mauros
1311 1250 1391 1316 eqni-

350 1353 393 1398 tes
416 1344 474 1409 jam
499 1341 568 1393 satis
597 1339 714 1403 antiquo
742 1346 871 1403 tempore
897 1335 925 1388 in
945 1336 1079 1391 Romanis
1103 1342 1279 1395 exercitibus
1305 1343 1393 1398 fuisse

350 1446 465 1490 constat.
502 1431 664 1487 Pannonios
683 1425 848 1482 veredarios
872 1428 942 1482 alibi
967 1434 1174 1499 commemorari
1195 1451 1248 1487 non
1261 1437 1390 1491 memini.

350 1530 408 1584 Sed
435 1527 615 1592 Pannonios,
647 1541 686 1578 ex
709 1541 766 1592 quo
791 1534 915 1592 tempore
939 1525 1085 1592 Pannonia
1108 1529 1242 1582 Romanis
1269 1531 1394 1597 subjecta

350 1634 414 1675 erat
432 1622 521 1686 (Suet.
540 1626 612 1688 Aug.
629 1621 701 1683 ll),
730 1616 930 1682 exercitusque
957 1618 986 1670 in
1011 1636 1046 1672 ea
1074 1621 1222 1690 provincia
1248 1622 1407 1679 alebantur

351 1719 429 1784 (Tac.
449 1719 523 1772 Anu.
541 1718 567 1779 4,
585 1718 611 1768 5.
638 1713 714 1766 Suet
733 1713 798 1766 Otb.
816 1715 841 1766 9.
871 1712 930 1767 vit.
950 1718 1020 1781 15),
1040 1717 1077 1771 :iu
1096 1716 1269 1771 exercitibus
1288 1718 1393 1772 Roma-

350 1814 395 1865 nis
420 1812 507 1864 fuisse
533 1807 682 1880 probabile
699 1818 751 1861 cst,
797 1807 1007 1863 Pannoniorum
1033 1811 1174 1864 cohortem
1199 1824 1395 1868 commemorat

350 1911 418 1963 Tac.
437 1907 616 1972 llist.l‚17.,
635 1903 797 1957 Pannonios
814 1903 920 1965 alares,
945 1906 1034 1958 robur
1045 1907 1206 1976 equitatus,
1225 1907 1305 1961 idern
1321 1911 1391 1962 nun.

350 2007 395 2069 15,
416 2006 457 2056 10.
503 2002 534 2053 ln
551 1997 902 2074 inscriptionibnsleorum
922 2010 950 2078 et
967 1999 1028 2078 alae
1046 2014 1076 2054 et
1094 2003 1226 2057 cobortes
1245 2003 1393 2057 inveniun-

351 2108 407 2152 tur.
457 2096 610 2152 Veredort's'
627 2104 691 2145 sunt
710 2091 771 2144 sine
788 2090 883 2145 dubio.
897 2089 1020 2158 equites,
1052 2093 1123 2147 dicti
1144 2098 1301 2163 succedis,
1335 2113 1393 2165 qno

350 2191 463 2244 nornine
497 2189 562 2257 equi
596 2187 751 2241 celeriores
783 2185 1001 2254 appellabantur
1026 2189 1120 2249 (Mart.
1142 2194 1188 2252 ta,
1203 2196 1248 2247 14.
1279 2193 1328 2258 14,
1347 2194 1392 2248 86.

350 2288 437 2343 Hadr.
452 2286 544 2358 epigr.
563 2284 592 2337 in
611 2299 712 2350 equtmn
725 2281 930 2350 Borysthenem
949 2279 1022 2346 apud
1042 2280 1125 2336 Salui.
1143 2283 1179 2335 ad
1193 2283 1286 2364 Spart
1302 2286 1392 2338 lladr.

349 2387 414 2440 buu.
457 2380 561 2434 Schele
578 2395 629 2432 eos
649 2395 701 2448 pro
724 2376 871 2445 peditibus
891 2373 1026 2427 habuerat
1043 2383 1110 2442 (quo
1130 2375 1166 2429 de
1185 2393 1284 2430 errore
1302 2380 1338 2430 cl'.
1356 2379 1393 2431 ad

350 2480 423 2543 35),
451 2476 518 2529 item
537 2474 699 2538 Naum,
730 2472 779 2539 qui
799 2482 890 2524 tamen
913 2467 997 2537 paulo
1016 2479 1115 2538 postea
1132 2471 1192 2524 084.
1213 2487 1263 2524 eos
1283 2471 1394 2538 equitas

349 2587 411 2624 esse
429 2568 509 2622 dicit.
565 2568 671 2623 Veredt‘
688 2581 748 2617 cum
768 2562 907 2633 imprimis
926 2564 955 2615 in
970 2555 1059 2616 -dursu
1084 2563 1199 2631 publico
1221 2580 1394 2636 occuparent.

351 2676 413 2728 tur,
448 2663 521 2714 unde
538 2663 683 2715 veredarii
701 2660 786 2726 vulgo
809 2669 872 2712 sunt
890 2659 1000 2724 equites
1019 2675 1116 2713 cursus
1133 2660 1257 2730 publici,
1292 2662 1393 2716 factum

349 2769 407 2823 est,
427 2767 457 2811 ut
476 2772 587 2820 vocem,
615 2756 677 2808 sine
694 2754 783 2808 dubio
800 2766 962 2810 extraneam
977 2755 1022 2820 (cl.
1044 2767 1167 2809 nostrum
1186 2756 1299 2823 Pseud),
1317 2757 1394 2810 deri-

352 2862 451 2905 varent
478 2866 493 2902 a
516 2850 636 2904 velentio
661 2861 689 2904 et
716 2853 824 2918 aledis,
862 2862 893 2907 ut
919 2851 994 2905 Fest.
1016 2866 1085 2903 sev.
1108 2866 1133 2919 p.
1156 2851 1215 2904 372.
1252 2840 1392 2909 100131.

351 2943 482 3014 Hyginus
501 2945 641 2997 exercitui
660 2959 711 2997 suo
730 2946 845 3000 Mauros
862 2947 929 3005 600,
956 2942 1119 2997 Pannonios
1139 2946 1194 2999 800
1208 2944 1317 2999 tribuit.

419 3036 573 3090 Classici
592 3039 721 3107 omnes]
749 3037 828 3091 iufra
846 3041 889 3093 30.
904 3038 1050 3091 ¹classicos
1072 3037 1226 3093 Misenates
1249 3040 1395 3094 constitnit

350 3134 415 3197 500,
442 3134 622 3188 Rauennates
640 3135 700 3189 800.
747 3133 850 3186 Miseni
875 3144 905 3188 et
923 3135 1077 3188 Ravennae
1092 3133 1195 3185 classes
1213 3134 1249 3187 ab
1267 3136 1395 3202 Augusto

351 3226 492 3281 institutas
510 3243 572 3280 esse
591 3237 701 3281 constat
718 3227 809 3293 (Suet.
830 3230 902 3295 llug.
922 3230 964 3282 49.
991 3228 1057 3280 Tac.
1074 3227 1153 3281 Anu.
1171 3229 1198 3293 4,
1219 3230 1246 3281 5.
1272 3226 1346 3296 Veg.
1366 3232 1394 3292 4,

350 3325 383 3376 31
405 3323 466 3386 sq.).
509 3320 627 3374 Classici
646 3337 699 3373 uon
718 3321 826 3386 solum,
858 3330 889 3371 ut
906 3318 935 3374 h.
955 3319 974 3372 l.
995 3319 1100 3372 lactum
1119 3336 1182 3373 esse
1200 3320 1336 3386 legimus,
1363 3322 1393 3375 in

349 3413 487 3468 auxilium
504 3415 574 3481 justi
591 3417 731 3470 exercitus
749 3415 966 3480 miscebantur,
986 3413 1034 3467 sed
1054 3411 1185 3480 legiones
1203 3414 1287 3467 etiarn
1306 3430 1395 3469 novae
1479 3467 1481 3471 ,

350 3525 389 3562 ex
408 3507 449 3560 eis
467 3508 660 3563 formabantur
677 3510 755 3576 (Tac.
776 3509 847 3564 llist.
868 3512 893 3574 1,
913 3510 957 3563 36.
985 3508 1012 3570 2,
1032 3508 1075 3560 07.
1094 3508 1122 3569 3,
1141 3507 1183 3560 55.
1209 3506 1286 3562 Suet.
1307 3508 1392 3562 Galb.

352 3604 416 3665 lu).
452 3600 626 3668 Plerumque
642 3615 732 3656 tumen
752 3618 806 3654 non
824 3603 954 3661 classici,
974 3601 1023 3652 sed
1039 3599 1191 3653 classiarii
1206 3599 1394 3658 nominantur.

351 3693 463 3748 Milites
488 3694 599 3750 classici
627 3695 710 3750 etis·
737 3695 767 3748 in
790 3695 1000 3766 amphitheatro
1021 3693 1085 3752 vela
1108 3692 1250 3749 ducebant
1267 3695 1393 3766 (Lampr.

349 3782 456 3841 Comm‘.
479 3790 538 3848 15).

423 3880 471 3933 nd
492 3882 567 3934 vias
587 3883 793 3937 muniendas
812 3883 917 3954 primi
938 3883 1080 3952 exeunt]
1109 3883 1154 3936 ob
1172 3883 1287 3937 eandem
1305 3884 1394 3952 igitur

352 3990 461 4028 causam
481 3974 510 4027 lti
529 3976 727 4043 praetendunt,
748 3976 785 4029 ob
804 3993 887 4043 quant
906 3975 1126 4032 extraordinarii
1144 3976 1172 4030 in
1191 3978 1289 4033 castris
1305 3980 1394 4052 Poly·

352 4069 445 4121 bianis
460 4072 540 4137 juxta
560 4080 665 4138 portatu
683 4073 854 4142 praetoriam
874 4074 1026 4130 tendebant
1042 4078 1079 4141 (6,
1098 4078 1140 4129 31.
1162 4076 1197 4129 cf.
1215 4079 1259 4131 40.
1275 4092 1303 4132 et
1319 4079 1393 4134 infra

351 4166 421 4230 19),
456 4176 487 4219 ut
512 4176 587 4220 recte
610 4166 808 4223 animadvertit
827 4169 933 4223 Planer
952 4175 995 4228 70.
1026 4171 1068 4226 Gl.
1086 4187 1170 4243 supra
1190 4175 1240 4229 tta
1258 4191 1312 4242 sq..
1353 4175 1393 4228 Ut

352 4258 426 4328 apud
446 4260 588 4330 llyginurn
615 4263 727 4317 classici
753 4266 812 4319 vias
837 4267 965 4323 muniunt
984 4278 1011 4320 et
1036 4267 1072 4320 ab
1091 4268 1234 4336 equitibus
1258 4269 1390 4323 levissi-
