3492 5242
936 673 1015 750 166

457 856 507 950 aar
526 881 555 934 tn
572 879 728 950 promens
745 880 849 950 popan-
863 888 943 933 ...ιιι
958 880 1007 945 (cr.
1026 880 1045 932 ι.
1063 895 1087 932 c.
1110 879 1178 934 nro
1194 879 1238 939 ua,
1258 874 1299 932 rr.
1330 874 1413 931 erra.
1430 877 1495 931 em

458 958 608 1034 rubeum
627 971 713 1028 bellis
731 988 777 1026 res
796 988 850 1027 non
868 981 941 1037 erat,
966 969 1032 1040 quia
1050 970 1125 1024 bella
1142 969 1280 1038 elegatis
1297 970 1437 1035 caesaris
1451 969 1496 1022 ab

459 1065 696 1121 ministrabantur.
745 1063 851 1121 locum
869 1073 995 1118 nostrum
1013 1063 1208 1133 explicaturus
1225 1064 1332 1119 Planer
1351 1081 1383 1135 p
1400 1067 1444 1120 13.
1460 1063 1495 1117 tl·

459 1160 534 1212 serre
558 1175 613 1213 non
633 1156 745 1225 debuit,
777 1174 870 1212 curam
890 1158 993 1212 aerarii
1012 1160 1145 1226 Augusti
1159 1169 1287 1228 tenpore
1304 1175 1322 1212 a
1341 1154 1496 1226 quaestori

459 1252 510 1305 bns
528 1251 563 1304 ad
583 1263 731 1323 praetores
749 1253 884 1306 transisse
902 1250 992 1318 (Suet.
1009 1251 1073 1307 Oct.
1090 1255 1155 1320 36.).
1202 1251 1351 1307 Aerdriurn
1371 1251 1448 1305 eninr
1465 1250 1497 1305 il·

420 1332 423 1344 '
458 1345 508 1400 lud
528 1363 582 1399 non
607 1356 667 1401 erat
688 1344 827 1412 militare,
864 1347 915 1402 sed
933 1346 1079 1400 ¹aerarium
1097 1343 1211 1402 Saturni
1232 1346 1278 1408 (cf.
1297 1327 1496 1400 Soetssctanr.
1536 1384 1538 1391 .

457 1439 501 1494 34.
527 1439 595 1493 Tac.
616 1434 833 1506 tlun.13,l9.).
879 1437 1015 1504 Sequitur
1032 1447 1121 1493 autem
1140 1453 1177 1493 ex
1196 1437 1305 1510 Hygini
1324 1438 1439 1502 verbm,
1466 1453 1497 1492 eo

411 1596 416 1603 .
459 1543 600 1604 tempore,
626 1528 683 1600 quo
700 1543 864 1602 quaestores
882 1531 956 1604 apud
972 1531 1132 1585 exercitum
1151 1542 1245 1595 erant,
1264 1546 1314 1585 eos
1331 1531 1365 1584 in
1385 1531 1437 1586 illa
1450 1546 1498 1602 pe·

458 1627 558 1680 datura
585 1626 753 1696 tetendisse3
790 1645 843 1682 nec
866 1629 997 1701 prolecto
1023 1627 1154 1698 Lipsius,
1187 1626 1213 1682 si
1232 1627 1356 1699 Polybii
1384 1627 1423 1681 de
1446 1624 1496 1681 situ

458 1719 601 1790 praetorii,
612 1710 642 1775 vet
658 1723 813 1790 quaestorii
831 1725 926 1778 locum
944 1735 1022 1780 recte
1039 1707 1246 1794 intellexisset,
1270 1720 1302 1775 in
1320 1731 1425 1776 nostro
1440 1721 1497 1774 inca

459 1823 552 1885 (quent
570 1818 723 1887 exscripsit
741 1822 776 1875 de
793 1822 853 1876 mil.
871 1824 950 1875 Rom.
967 1818 994 1886 ὅ,
1014 1823 1053 1885 3.)
1076 1818 1226 1889 aliqnando
1248 1814 1283 1868 ad
1310 1824 1426 1886 tempus
1440 1828 1498 1881 spe·

459 1921 536 1967 ctare
558 1921 700 1982 putasset,
732 1913 818 1981 quod=
830 1912 957 1982 Polybio
982 1911 1125 1979 antiquins
1150 1909 1248 1962 luisset
1266 1909 1356 1977 (Opp.
1374 1909 1404 1974 3,
1422 1906 1497 1982 loll).

459 2004 561 2059 Fuisse
577 2016 670 2060 autem
690 2007 733 2059 vel
751 2006 869 2076 Polybii
892 2017 1017 2077 tempore
1034 2005 1228 2072 quaestorium
1247 1996 1348 2055 eodem
1369 1999 1450 2067 loco,-
1472 1998 1497 2054 b.

459 2115 484 2151 e.
499 2099 572 2152 iutra
589 2099 660 2151 viam
678 2092 836 2167 quintanam
850 2101 970 2155 medium
991 2096 1064 2154 lu'ter
1080 2099 1149 2153 duas
1167 2097 1296 2165 legiones
1313 2096 1498 2165 interjectum,

459 2207 520 2244 cnm
544 2208 582 2245 ex
603 2192 721 2263 Polybii
746 2195 810 2248 loco
827 2198 867 2264 (6,
886 2197 943 2264 33.)
966 2206 1043 2249 recte
1068 2194 1214 2247 intellectu
1241 2191 1373 2257 sequitur
1392 2191 1441 2257 (ef.
1456 2203 1499 2243 su·

461 2300 513 2355 pra
531 2301 557 2354 p.
578 2288 663 2353 tas),
689 2297 754 2343 „tum
771 2288 872 2342 adsunt
890 2287 970 2342 Liuii
988 2287 1045 2341 loci
1071 2287 1121 2356 qui
1149 2287 1272 2356 probent
1290 2285 1339 2350 (cl.
1358 2281 1499 2354 Wiegand

461 2379 536 2447 apud
554 2377 643 2446 Jahn,
670 2381 790 2448 Archiv,
822 2385 897 2439 1836.
918 2398 946 2450 p.
963 2383 1045 2445 291).
1072 2379 1137 2436 Liv.
1158 2383 1199 2445 1⁰,
1219 2380 1263 2435 32.
1291 2380 1336 2432 Ab
1353 2386 1439 2450 tergo
1456 2384 1500 2432 ou·

459 2480 584 2533 atrorum
602 2474 753 2528 decumana
777 2481 861 2544 porta
887 2475 1005 2543 impetus
1029 2455 1149 2536 facturr*
1176 2476 1271 2542 ltaque
1289 2479 1406 2542 euplum
1424 2486 1501 2544 puae·

460 2568 598 2631 starium,
636 2574 816 2636 quaestorque
839 2567 881 2620 ibi
905 2566 938 2619 l..
967 2564 1095 2632 Opimius
1119 2565 1213 2618 Pensa
1241 2565 1360 2621 occisus.
1398 2568 1443 2633 31,
1459 2566 1499 2619 ll.

381 2641 385 2657 ⁸
460 2662 696 2715 Alintdumnltua
713 2678 748 2715 ea
765 2678 865 2716 auersa
882 2669 966 2733 porte
984 2669 1141 2716 castrorum
1164 2667 1206 2714 est
1222 2667 1349 2714 exortus.
1386 2663 1423 2714 Ia
1439 2675 1500 2731 pot·-

461 2759 519 2807 tum
536 2757 724 2824 quaestorium
741 2755 908 2825 irruperunt
928 2755 1012 2809 Galli.
1053 2754 1098 2807 De
1116 2771 1171 2807 uno
1190 2753 1269 2808 Livii
1288 2754 1368 2819 loco,
1389 2754 1440 2823 qui
1455 2753 1502 2807 ub·

461 2858 536 2901 stare
555 2848 681 2915 videtur,
710 2842 747 2903 cl.
766 2864 851 2918 snpra
869 2865 896 2917 p.
917 2841 976 2904 136.
1016 2839 1115 2902 Livius
1133 2848 1225 2916 igitur
1245 2862 1338 2901 veram
1356 2849 1403 2901 rei
1422 2849 1501 2902 ratio·

463 2957 526 2995 nem
546 2941 693 3010 exposuit,
719 2958 771 2995 nec
789 2958 872 2997 causa
890 2955 947 3009 est,
975 2942 1106 3011 quoniam
1124 2960 1186 2996 cum
1205 2941 1333 3011 Polybio
1351 2941 1501 3008 consentit,

463 3050 514 3086 cur
532 3044 697 3097 statuamus,
715 3053 778 3090 eum
796 3032 839 3091 sui
857 3029 992 3112 temporis
1010 3057 1088 3096 usum
1106 3039 1134 3094 in
1155 3048 1282 3106 tempora
1299 3037 1403 3106 priora
1419 3048 1502 3092 trans·

464 3125 578 3190 tulisse,
600 3127 629 3179 id
648 3128 722 3195 quod
742 3139 891 3187 statueram
911 3134 987 3188 Hict-
1006 3142 1072 3187 mut.
1091 3135 1135 3199 61,
1155 3136 1196 3186 11.

532 3219 625 3275 (luae
643 3250 674 3261 -
694 3222 872 3278 decimans
899 3235 953 3282 est
975 3226 1169 3297 appellata]
1205 3224 1251 3277 De
1274 3222 1331 3278 situ
1359 3233 1501 3292 portam·

463 3315 626 3386 praetoriae
643 3327 673 3370 et
690 3314 860 3372 decumanae
879 3320 969 3374 multa
987 3317 1117 3373 hariolati
1138 3327 1204 3372 sunt
1221 3316 1277 3370 viri
1295 3315 1376 3370 docti
1395 3314 1502 3386 (impri-

464 3408 516 3461 ntis
527 3409 597 3463 Nast
609 3412 669 3473 283,
681 3431 716 3466 m.
733 3425 762 3468 et
776 3413 843 3484 Roy
860 3416 919 3473 179.
934 3413 970 3468 cf.
986 3412 1025 3466 id.
1041 3414 1084 3468 49.
1100 3422 1127 3465 et
1139 3412 1195 3466 tab.
1209 3411 1283 3476 IV.).
1299 3411 1345 3466 Oi.
1361 3427 1390 3482 p.
1403 3412 1500 3478 lllsq.

464 3503 547 3574 Apud
559 3504 709 3573 Polybium
727 3524 841 3577 quoque
860 3508 1163 3581 portana'decumanam
1183 3521 1237 3559 nott
1255 3516 1414 3576 esse'eam,
1432 3503 1503 3576 opat

464 3613 546 3664 quam
564 3601 787 3658 extraordinarii
807 3604 938 3670 tendant,
965 3604 1014 3659 sed
1035 3619 1108 3664 earn,
1128 3594 1202 3670 quae
1220 3610 1283 3670 post
1299 3600 1436 3668 legiones
1452 3599 1504 3656 sits

464 3701 520 3759 est,
539 3695 629 3763 ipsum
648 3712 746 3750 nomen
762 3699 854 3752 docet.
888 3699 949 3752 Etsi
968 3699 1041 3752 enirn
1061 3711 1142 3770 porta
1159 3686 1310 3752 decumana
1329 3698 1440 3752 nonsit
1456 3713 1503 3768 ap-

465 3787 569 3857 pellata
583 3804 599 3842 a
615 3788 732 3844 decimis
750 3792 926 3858 cohortibus,
946 3794 1017 3860 qu'ae
1033 3793 1073 3846 ibi
1089 3792 1281 3857 tetenderunt,
1301 3802 1332 3844 ut
1348 3791 1439 3848 tradit
1448 3793 1504 3864 lly-

464 3880 564 3948 ginno,
584 3884 633 3937 sed
653 3884 749 3953 potius
762 3901 779 3940 a
793 3885 882 3940 limite
899 3886 1053 3940 decumano
1068 3893 1104 3952 (v.
1124 3900 1209 3954 supra
1227 3901 1255 3954 p.
1266 3885 1316 3939 15²
1323 3891 1397 3953 sq),
1417 3896 1504 3940 umen

465 3974 587 4031 dubitari
607 3978 718 4045 nequit,
746 3980 829 4047 quin,
850 3991 879 4034 ut
897 3980 1026 4050 Hyginus
1044 3990 1152 4041 narrat,
1178 3978 1303 4032 decimae
1319 3979 1456 4035 cobortes
1471 3977 1504 4032 ad

466 4084 526 4122 eam
546 4071 718 4128 tetenderint
736 4073 783 4138 (cf.
802 4073 913 4127 Kleune
932 4075 1011 4137 ltu).
1057 4071 1146 4138 Atqui
1165 4088 1219 4125 non
1237 4072 1327 4127 solum
1345 4071 1376 4126 in
1396 4071 1504 4145 llygiai

465 4163 566 4218 castris
583 4166 714 4220 cobortes
737 4166 863 4221 decimae
888 4169 1004 4222 dnarnrn
1030 4167 1173 4237 legionum
1192 4166 1233 4220 ibi
1256 4166 1375 4222 tendunt
1392 4169 1434 4234 (u.
1447 4166 1503 4222 'tab

466 4257 534 4324 11.),
569 4259 618 4313 sed
644 4259 727 4314 etiarn
749 4259 866 4332 Polybii
893 4270 1019 4333 tempore
1045 4261 1168 4316 decimas
1194 4271 1298 4315 turmas
1322 4258 1505 4331 decimasque
