3492 5242
920 659 999 738 184

410 859 412 862 ’
442 866 562 922 latitudo
576 837 713 920 dimidiae
731 861 821 931 portis
838 869 994 916 castrorum
1013 859 1107 914 babet.
1143 859 1214 913 Nom
1231 858 1261 912 in
1281 855 1416 928 praetorii
1433 857 1478 909 lo·

362 985 365 996 ¹
440 958 549 1015 teribus
566 973 621 1009 non
641 965 835 1024 computantur
853 954 938 1022 pedes
954 955 993 1008 60.
1006 951 1262 1023 mediiproetorii,
1288 950 1338 1017 qui
1357 965 1478 1020 respon·

400 1075 402 1080 ·
442 1051 509 1105 deut
526 1048 669 1103 latitudini
688 1046 749 1100 uiae
772 1045 942 1117 praetoriae.
987 1033 1047 1100 Pro
1065 1038 1179 1100 numero
1196 1034 1328 1101 CCCXX
1346 1043 1477 1097 scriben-

442 1144 506 1196 du'm
523 1158 586 1196 esse
604 1141 760 1196 CGCGXX
778 1151 855 1193 recte
871 1137 1016 1191 intellexit
1033 1137 1142 1193 Scheless
1192 1138 1326 1192 Tendunt
1343 1136 1419 1189 enim
1437 1135 1479 1189 le-

442 1238 551 1294 teribus
583 1236 720 1307 praetorii
750 1251 787 1288 ex
815 1231 939 1285 numeris
967 1246 1027 1300 par.
1049 1233 1092 1286 30
1126 1219 1308 1302 perscrip'tis:
1344 1231 1479 1283 cohortes

442 1333 514 1386 duae
532 1331 638 1400 primae
654 1332 716 1397 (3.),
734 1330 865 1383 cobortes
884 1327 955 1381 duae
974 1325 1186 1379 vexillariorum
1205 1328 1241 1392 (ὅ.
1258 1326 1327 1388 lb),
1345 1324 1479 1378 cohortes

442 1436 564 1493 quatuor
593 1426 751 1492 praetoriae
778 1425 814 1488 (6.
835 1424 904 1490 bb),
941 1419 1050 1487 equites
1075 1419 1248 1488 praetoriani
1273 1418 1325 1471 400
1350 1421 1386 1480 (7.
1410 1418 1478 1489 lb),

442 1519 551 1585 equites
568 1518 727 1587 singulares
745 1519 799 1571 450
815 1519 852 1579 (7.
868 1516 941 1580 lb),
960 1513 1022 1566 alae
1039 1511 1248 1584 quingenariae.
1259 1510 1384 1578 quinque
1400 1513 1477 1580 (03).

442 1611 514 1666 Nam
537 1612 598 1664 alae
622 1610 762 1664 miliarino
780 1608 810 1662 in
835 1618 1013 1679 praetentum
1031 1608 1147 1661 tendunt
1163 1609 1254 1673 (94),-
1277 1605 1407 1658 cobortes
1425 1621 1479 1675 pe-

442 1703 548 1761 ditutae
567 1705 596 1758 in
616 1714 759 1759 retentura
775 1707 813 1771 (u.
832 1705 868 1757 ad
886 1706 955 1770 31),
983 1705 1111 1757 cohortes
1128 1698 1304 1770 legionariae
1319 1699 1355 1753 ad
1373 1700 1479 1754 vallum

442 1807 490 1852 out
507 1799 536 1851 iu
562 1809 739 1869 praetentum
757 1801 794 1862 (v.
814 1795 850 1849 ad
868 1797 935 1856 44).
987 1796 1057 1849 Alos
1079 1807 1176 1849 contra
1199 1788 1398 1862 quingenarius
1422 1809 1479 1846 non

445 1891 561 1947 tendere
578 1891 609 1945 iu
633 1901 811 1971 praetentum
827 1899 944 1959 apparet
962 1907 999 1944 ex
1016 1894 1058 1948 34.
1077 1894 1120 1947 39.
1163 1890 1265 1943 Latera
1286 1900 1375 1944 autem
1395 1904 1480 1958 proe-

444 1985 513 2040 torii
528 1975 592 2037 'eum
611 1985 729 2039 habeant
746 1988 797 2041 720
815 1982 904 2054 pedes
924 1982 1112 2050 longitudinis
1131 1984 1192 2049 (9.),
1217 1983 1359 2050 sequitur,
1385 1989 1417 2034 ut
1434 1997 1481 2035 se·

436 2077 562 2131 -cundnm
581 2094 630 2132 eas
648 2079 784 2140 rationes,
818 2093 890 2146 quoe
909 2093 994 2146 supro
1016 2079 1162 2148 expositae
1184 2087 1263 2144 sunt,
1292 2076 1392 2146 copiae
1410 2074 1480 2132 illae

443 2173 588 2248 requirant
606 2171 778 2239 semistrigia
794 2174 837 2226 28.
883 2171 1011 2238 Utroque
1029 2172 1119 2240 igitur
1138 2171 1227 2224 lutere
1244 2169 1363 2224 rnilitum
1381 2184 1481 2222 nume-

443 2282 476 2318 ro
493 2262 664 2335 occupantur
681 2265 853 2342 semistrigia
871 2265 969 2320 ll'uel
987 2265 1074 2333 pedes
1093 2265 1154 2320 420.
1188 2264 1254 2317 Non
1273 2261 1372 2317 debuit
1389 2261 1482 2330 igitur

443 2358 561 2414 Salmas.
578 2358 613 2412 ad
632 2359 727 2428 Spart.
745 2359 832 2412 lladr.
852 2360 894 2413 18.
914 2373 1058 2411 numerum
1077 2356 1209 2412 CCOXX
1232 2356 1332 2423 tueri‚2
1351 2366 1482 2425 praeser-

444 2447 575 2510 timeum
595 2467 723 2505 numerus
748 2452 801 2506 ille
821 2467 856 2503 ne
880 2448 1019 2516 integrum
1039 2449 1151 2516 quidem
1176 2449 1410 2516 semistrigiorum
1428 2464 1482 2501 nu·

443 2562 548 2599 merum
566 2547 713 2600 contineat
760 2544 845 2600 Salm.
865 2542 992 2609 reliquos
1016 2559 1145 2598 numeros
1170 2542 1312 2609 correxit,
1341 2541 1389 2610 qui
1409 2558 1482 2610 quo·

443 2639 526 2692 modo
546 2654 577 2691 se
596 2639 730 2705 babeant,
750 2634 825 2692 'mox
845 2638 1012 2696 videbimus.

511 2730 699 2787 Praetorio
717 2729 911 2804 pedesLX]
939 2732 1023 2787 Salm.
1042 2731 1062 2787 l.
1080 2748 1104 2784 c.
1122 2731 1283 2800 corrigebat
1300 2731 1393 2798 CLX,
1412 2729 1482 2798 quia

350 2849 357 2857 ’
442 2825 576 2906 Hyginus
598 2842 686 2897 supra
704 2829 753 2893 (9.)
778 2825 916 2894 praetorii
940 2824 1117 2879 latitudinem
1134 2843 1150 2880 a
1168 2826 1288 2896 pedibus
1307 2827 1358 2880 160
1375 2824 1411 2877 ad
1429 2826 1482 2879 22⁰

442 2919 587 2979 observari
611 2919 693 2975 dicit.
746 2918 801 2974 Sed
827 2934 927 2988 parum
951 2918 1090 2988 cogitavit
1115 2919 1159 2973 vir
1180 2920 1294 2986 doctus,
1330 2929 1360 2972 ut
1378 2917 1481 2973 Schele

441 3013 556 3078 monuit,
576 3013 622 3064 bic
642 3013 796 3081 computari
815 3028 874 3067 eam
892 3023 995 3066 tautum
1015 3013 1150 3084 praetorii
1170 3025 1284 3082 partem,
1302 3029 1373 3082 quoe
1391 3013 1420 3065 in
1438 3012 1482 3065 la·
1524 3033 1527 3038 ·

443 3106 564 3160 titudine
582 3098 722 3159 dimidibe
746 3106 835 3174 portis
854 3117 1006 3161 castrorum
1030 3107 1130 3177 pedum
1150 3111 1209 3183 000
1219 3107 1297 3162 insit.
1342 3104 1482 3162 Videmus

392 3188 394 3191 ’
441 3199 546 3269 igitur,
570 3199 740 3270 praetorium
758 3199 787 3253 in
804 3200 846 3254 eis
864 3201 979 3267 castris,
996 3217 1068 3268 quoe
1085 3202 1216 3273 Hyginus
1232 3217 1306 3255 nuuc
1323 3201 1481 3266 constituit,

441 3294 571 3366 accipere
590 3294 766 3349 latitudinem
782 3297 888 3366 'pedum
908 3301 966 3354 180.
1011 3299 1161 3354 Praetorio
1178 3308 1221 3353 est
1238 3297 1361 3363 dativus,
1389 3307 1418 3350 ut
1435 3312 1481 3350 se·

441 3390 557 3458 quentia
577 3407 702 3459 qnoque3
736 3391 841 3460 pendet
860 3407 877 3445 a
897 3393 983 3446 verbo
1003 3393 1119 3457 dantur,
1147 3393 1222 3458 quod
1241 3392 1413 3461 cogitatione
1430 3394 1482 3448 ed·

442 3481 563 3535 dendum
583 3494 627 3538 est
647 3483 695 3549 (cl.
715 3488 742 3553 p.
762 3486 843 3550 106.)
891 3484 992 3553 ltaque
1015 3502 1070 3540 non
1098 3486 1196 3542 debuit
1215 3486 1368 3549 Salmasius
1389 3488 1482 3543 corri-

441 3593 510 3647 gere
528 3579 649 3632 elatione
668 3588 694 3632 et
711 3579 767 3632 uio.
930 3573 936 3587 “

509 3672 663 3728 Statio‘ni
684 3674 790 3743 pedes
807 3675 883 3742 XX]
919 3674 1057 3729 Numerus
1080 3691 1136 3730 non
1161 3681 1252 3747 potest
1276 3692 1339 3732 esse
1364 3692 1482 3748 suspec-

443 3776 504 3834 tus;
532 3786 557 3820 u.
577 3770 603 3822 9.

511 3860 706 3916 (inmitibus
730 3862 963 3933 Imperatoris
986 3865 1095 3920 nostri
1119 3865 1227 3935 pedes
1251 3864 1322 3931 LX]
1357 3866 1402 3920 lle
1426 3882 1481 3919 nu-

442 3968 520 4005 mero
538 3953 574 4006 cl.
596 3958 637 4009 10.
681 3956 828 4011 Officiales
847 3961 895 4023 (7.)
915 3957 1016 4013 reticet
1034 3958 1062 4011 b.
1082 3959 1120 4025 1.,
1153 3958 1220 4027 quia
1237 3959 1354 4014 alterum
1375 3969 1481 4016 tantum

441 4047 514 4102 latus
533 4047 638 4116 explet.
691 4040 822 4105 Salmasii
845 4053 987 4108 correctio
1006 4036 1155 4121 certaes't3
1188 4052 1326 4124 scriptum
1344 4063 1420 4119 erat,
1450 4065 1482 4111 ut

435 4141 506 4211 ipre
524 4150 632 4208 monet,
652 4140 681 4195 iu
700 4145 856 4217 archetypo
873 4147 963 4202 GOM.
981 4146 1102 4204 lmen.

511 4234 548 4289 ln
567 4235 640 4291 uias
653 4237 761 4307 pedes
779 4238 849 4307 XL]
880 4239 936 4295 Via
950 4249 1063 4311 praeter
1076 4255 1185 4296 causam
1196 4242 1253 4310 jam
1268 4240 1379 4299 allatam
1393 4241 1480 4298 etiam
