3492 5242
839 693 918 772 187

359 918 411 956 ner
430 903 465 957 dd
482 917 525 969 sq.
555 901 696 972 Roy'tab.
715 887 887 953 murex
908 893 1028 950 arbitrio
1050 911 1102 951 suo
1120 899 1338 963 constituerunt,
1369 903 1399 957 in
1446 925 1450 935 *

357 995 444 1050 rebus
467 993 540 1047 omni
565 993 741 1059 dubitatione
765 989 866 1044 liberis
893 989 967 1058 lapsi
992 989 1171 1059 turpissime,
1208 1009 1260 1062 per
1285 994 1401 1062 singule

357 1089 483 1144 refutare
510 1087 610 1142 toedet.
628 1114 663 1128 --
716 1088 762 1143 nd
789 1086 876 1139 verba
901 1087 933 1140 in
956 1100 1044 1140 anum·
1065 1085 1103 1142 ci.
1119 1085 1195 1139 inire
1213 1090 1256 1166 26.
1274 1099 1302 1143 et
1318 1088 1398 1160 Hyg.

356 1181 398 1235 de·
415 1181 489 1235 Lim.
509 1181 606 1236 Const.
625 1183 685 1238 166.
1164 1199 1166 1204 ·

400 1293 402 1296 ·
426 1274 690 1343 Semiatriginm
718 1272 828 1344 pertis
852 1270 1024 1326 dimidiae
1046 1273 1109 1341 est]
1145 1272 1224 1326 Haec
1248 1274 1399 1342 correctio,

356 1369 393 1422 sd
412 1369 577 1425 sententiam
596 1369 674 1437 quod
693 1369 807 1436 attinet,
826 1378 903 1423 certa
920 1381 983 1434 est‚·
1004 1367 1040 1421 ad
1060 1367 1159 1422 literas
1178 1367 1293 1423 facilior
1311 1380 1399 1438 certe,
1432 1421 1436 1429 ,

355 1463 561 1532 quom-scneni
579 1465 661 1519 Nune
679 1464 738 1516 er't't
752 1462 847 1532 puetis
864 1461 1001 1514 dimidiae
1019 1453 1237 1530 demirtripdum.

426 1557 564 1628 Capiet]
590 1556 634 1611 Gi.
653 1557 738 1626 paulo
757 1554 833 1607 inira
850 1563 879 1607 et
896 1556 940 1608 27.
958 1564 987 1608 et
1003 1556 1131 1624 recipere
1147 1557 1194 1614 3⁷.

356 1665 358 1668 ·
410 1651 528 1708 ²Sicut
546 1651 713 1718 diximus]
740 1648 786 1703 cf.
805 1660 891 1717 supra
911 1664 937 1715 p.
955 1650 1015 1703 119.
1064 1678 1067 1691 =

312 1744 314 1749 ’
425 1745 631 1800 Intersit-
649 1761 689 1800 an
708 1744 805 1812 vero]
841 1743 929 1798 Prius
947 1761 982 1798 nn
1007 1759 1067 1799 cum
1086 1743 1149 1798 cod.
1169 1746 1197 1798 B
1213 1744 1400 1802 omittendum

354 1839 443 1894 fuisse
461 1830 553 1910 patet3
573 1855 607 1892 ac
623 1854 740 1910 prorsus
756 1840 893 1918 similiter
910 1839 986 1910 Hyg.
1004 1839 1042 1893 de
1059 1839 1133 1899 Lim.
1151 1839 1245 1895 const.
1264 1841 1321 1896 151.
1341 1841 1401 1895 Nec

354 1932 474 1988 interest
490 1935 649 2005 quicquam,
669 1935 848 1989 decumanum
868 1928 997 1988 dicantus
1014 1948 1051 1987 uu
1068 1934 1196 1988 1111111111.
1375 1970 1379 1978 ·

347 2056 357 2085 .·
401 2022 470 2081 ''Ut
496 2026 593 2093 nunc]
627 2026 675 2083 Sc.
695 2028 822 2082 fecimus.
847 2027 891 2082 Cf.
909 2029 952 2082 ³6.
969 2029 1014 2082 42.
1045 2029 1138 2082 Anon.
1163 2028 1200 2082 de
1218 2027 1289 2083 Ver.
1307 2027 1399 2084 Flnm.

352 2123 417 2178 m
450 2123 582 2192 Hyginus
601 2134 743 2192 postremo
759 2133 795 2178 eo
814 2123 936 2178 consilio
953 2121 1062 2194 posuit,
1083 2132 1114 2176 ut
1131 2122 1350 2190 demonstraret,
1369 2125 1401 2179 in

352 2226 534 2288 praetentura
553 2219 738 2287 computanda
760 2230 809 2274 aut
827 2235 864 2272 ex
883 2234 1001 2272 numero
1028 2218 1171 2270 hominum
1196 2234 1339 2282 numerum
1355 2220 1401 2274 11-

353 2307 559 2377 mistrigiorum
584 2311 740 2382 computari
762 2327 862 2381 posse,
896 2321 942 2366 aut
960 2328 998 2365 ex
1020 2327 1136 2364 numero
1161 2311 1399 2382 semistrigiorum

353 2420 501 2458 numerum
528 2403 684 2470 hominum,
717 2402 821 2474 quibus
840 2403 883 2457 ibi
899 2402 981 2458 iocus
1000 2403 1188 2474 assignandus
1205 2415 1289 2466 esset.
1333 2386 1401 2479 ipse

353 2496 480 2568 priorem
501 2497 572 2550 viam
591 2496 667 2551 iniit.

843 2661 908 2712 86·

381 2842 383 2847 s
426 2774 477 2842 Si]
502 2773 546 2828 lta
563 2774 679 2828 correxi
698 2789 751 2843 pro
769 2775 819 2827 ted
834 2774 863 2826 in
882 2776 1041 2857 1111111111.
1059 2777 1102 2837 69,
1123 2780 1164 2832 11.
1193 2781 1227 2835 St'
1244 2780 1400 2848 requiritur

356 2880 387 2926 et
402 2885 479 2924 nexn
495 2869 714 2935 sententiarum,
742 2883 824 2934 quem
840 2869 926 2922 modo
944 2871 1139 2940 exposuimus,
1164 2883 1193 2928 et
1209 2886 1328 2946 propter
1344 2876 1399 2932 ini·
1489 2875 1493 2881 ‘

344 2963 430 3047 [tium
450 2963 622 3034 peregraphi
640 2964 800 3032 sequentis:
829 2966 910 3020 Nune
927 2962 966 3020 11.

425 3058 612 3123 Videmus,
646 3058 815 3126 quotiens
838 3059 1037 3117 habeamus:
1073 3052 1166 3131 qnod
1191 3073 1245 3118 est
1270 3064 1397 3135 octies]

353 3152 461 3209 schole
478 3154 655 3222 corrigebat:
691 3156 831 3210 Ducem
853 3158 927 3226 quod
948 3157 1091 3220 iubemus,
1112 3166 1199 3214 veruut
1221 3167 1293 3216 octo.
1336 3161 1399 3215 Hoc

352 3262 414 3303 non
430 3247 607 3318 scripsisset,
626 3249 652 3303 si
671 3249 845 3304 meminisset
864 3251 939 3315 loci,
957 3251 1007 3318 qni
1025 3252 1134 3318 legitur
1151 3252 1285 3306 1111142.
1303 3255 1397 3318 uideo,
1490 3326 1494 3331 η

353 3349 421 3414 quoi
437 3370 468 3387 -
486 3343 614 3412 possint,
646 3353 677 3398 et
693 3341 885 3400 intellexisset
902 3345 980 3400 Vm
995 3344 1148 3411 deriguere
1165 3361 1308 3399 numerum
1327 3348 1398 3401 mul·

354 3434 554 3506 tiplicatitum.
591 3438 670 3492 Quod
686 3443 728 3490 est
747 3435 869 3505 positum
889 3449 933 3492 est
952 3455 1006 3508 pro
1024 3438 1076 3493 itoc
1092 3446 1142 3493 ert.
1181 3442 1184 3463 ⁴

424 3531 599 3585 Poteruut
624 3545 704 3584 esse
728 3530 843 3584 latere
869 3543 1117 3600 praetenturae
1141 3534 1306 3590 cohortes
1330 3535 1396 3606 111]

351 3623 404 3681 sie
426 3622 536 3695 scripsi
552 3623 764 3692 comparatione
781 3623 977 3694 ductus·loci,
1011 3628 1061 3694 qui
1084 3626 1191 3694 legitur
1213 3627 1347 3684 11111142.
1366 3638 1396 3684 ut

337 3703 431 3777 'mae'
443 3719 572 3774 cotonea
593 3720 682 3773 lutere
699 3725 860 3774 retenturas
878 3722 998 3776 tendant.
1043 3722 1150 3777 Schele
1167 3722 1328 3790 corrigebat
1344 3738 1397 3794 po.

352 3815 422 3870 rost
442 3830 504 3869 aeae
528 3820 643 3869 teneura
668 3815 824 3871 mimium
842 3818 945 3882 trium,
978 3833 1051 3886 quae
1068 3818 1123 3872 etsi
1147 3817 1245 3872 eodem
1264 3818 1395 3886 redeunt,

351 3912 502 3967 obscurius
525 3920 615 3966 tamen
636 3911 712 3968 dicta
730 3925 830 3968 essent.
877 3911 998 3978 colligit
1019 3921 1111 3967 autem
1131 3912 1262 3982 Hyginus
1286 3930 1323 3968 ex
1342 3929 1394 3968 nu·

351 4021 431 4059 mero
446 4008 509 4072 540,
527 4006 616 4059 latere
634 4016 830 4074 praetenturae
848 4021 931 4074 posse
948 4005 1065 4059 tendere
1082 4006 1212 4061 cohortes
1230 4017 1298 4074 tres,
1317 4009 1393 4076 quia,

351 4116 413 4154 cnm
433 4099 549 4154 accedat
572 4099 608 4154 ud
629 4100 716 4170 pedes
733 4101 785 4155 540
808 4097 931 4176 latitudo
954 4113 1128 4153 scamnorum
1147 4110 1177 4155 et
1196 4100 1302 4155 uiarum
1322 4101 1392 4157 vici-

350 4192 509 4257 nariarum,
528 4193 613 4247 facile
632 4193 757 4248 efficitur
773 4192 922 4262 longitudo
941 4193 1044 4266 pedum
1059 4197 1125 4262 tto,
1141 4206 1210 4264 quot
1228 4197 1318 4267 pedae
1336 4209 1393 4268 tres

351 4288 483 4345 cohortes
498 4298 634 4359 occupant
651 4290 724 4357 (32).
