3492 5242
846 671 899 748 57

357 874 467 941 mnis
499 876 588 942 vnim
608 878 697 960 quoa
720 880 883 960 pmsou
912 873 948 940 ii
976 873 1063 940 iiiii
1086 872 1127 940 ss
1154 861 1391 945 munitionibus

358 996 536 1050 ewtruam
565 984 776 1052 usitatissima
795 987 871 1067 99),Ι
890 995 1002 1052 nautor
1030 984 1189 1074 epistolae
1216 986 1319 1053 utitur
1335 987 1392 1069 99).

356 1089 450 1155 Idem
470 1091 669 1158 locutionem
691 1098 726 1160 ia
748 1101 905 1178 quantum
921 1099 1019 1180 potui
1036 1097 1083 1176 99)
1111 1103 1144 1160 ot
1172 1117 1211 1161 ue
1232 1098 1314 1180 quid
1333 1116 1392 1163 uos
1445 1148 1449 1160 .

351 1202 561 1280 praeteriisse
580 1201 748 1267 videamur
763 1206 805 1282 99)
816 1197 964 1290 ‘usurpat
976 1205 1030 1279 99).

356 1291 361 1296 ’
396 1366 399 1371 .
442 1305 571 1390 Quodsi
593 1309 664 1394 juri
684 1311 997 1396 demonstravimus,
1030 1311 1151 1377 librum
1172 1312 1213 1377 de
1240 1313 1393 1411 manitio-

356 1412 454 1485 nilius
484 1430 662 1487 austrorum
692 1422 807 1488 eodem
833 1431 980 1511 tempore
1010 1419 1168 1508 seriptum
1199 1443 1293 1504 essu,
1326 1446 1393 1513 quo

356 1527 511 1616 Hyginus
538 1529 597 1596 ille
618 1530 658 1608 de
686 1529 931 1597 conditionibus
957 1550 1110 1614 agrorum
1136 1537 1170 1592 el
1196 1527 1247 1594 de.
1265 1540 1393 1596 conuo-

356 1638 536 1703 vorsierum
557 1637 734 1726 generibus
756 1635 908 1725 scripsit,
930 1634 1021 1700 nullu
1042 1635 1196 1724 proiecto
1209 1658 1306 1703 cunsu
1327 1649 1391 1725 est,

356 1769 434 1830 our,
464 1770 538 1811 oum
559 1745 647 1810 idem
675 1741 816 1809 auctoris
836 1764 955 1806 nomeu
978 1751 1116 1831 uterque
1145 1742 1230 1810 iiber
1256 1767 1335 1834 pree
1356 1769 1393 1812 se
1433 1785 1438 1791 ·

355 1856 451 1939 forst,
473 1854 620 1919 diversos
634 1874 746 1918 eoram
762 1861 911 1917 auctores
933 1849 1036 1916 inissa
1059 1862 1248 1918 staluumus.
1294 1852 1393 1937 Quod

355 1964 443 2027 onim
472 1973 584 2028 uuuwr
610 1963 649 2028 de
677 1960 914 2028 munitionibus
927 1994 930 1999 >
945 1972 1122 2028 casuarium
1137 1998 1139 2004 ·
1154 1961 1284 2052 singula
1312 1986 1392 2044 ηοω

355 2072 446 2136 nullu
467 2071 640 2137 memoriae
659 2069 810 2153 tradidit,
833 2093 916 2167 qaue
938 2069 1069 2134 aliunde
1091 2081 1148 2135 uut
1168 2072 1301 2139 omuino
1322 2096 1391 2140 uon

355 2190 524 2265 constent,
547 2191 602 2246 aut
623 2204 662 2247 eo
683 2192 829 2268 tempore
852 2177 888 2242 in
909 2200 972 2242 usu
994 2178 1096 2263 luisse
1118 2181 1301 2268 nescimus,
1325 2205 1391 2272 quo
1469 2235 1482 2242 ,
1508 2232 1513 2237 -

356 2291 483 2373 refero,
509 2290 598 2379 qood
618 2290 833 2380 Palmyrenos
863 2289 899 2353 in
920 2276 1117 2353 exercitibus
1139 2289 1296 2356 Romanis
1324 2315 1391 2358 me·
1473 2337 1477 2343 -

355 2397 461 2465 ruisse
483 2398 717 2489 stipendiata,
741 2409 774 2464 ot
795 2395 929 2466 camelis
950 2394 986 2462 iu
1008 2394 1106 2465 bellis
1124 2395 1290 2466 Romanos
1312 2420 1391 2466 usos
1424 2459 1428 2467 ,

353 2560 624 2590 -,.-........

425 2672 471 2737 94)
506 2671 584 2742 liyg.
603 2674 648 2728 47.
681 2672 724 2727 (ll.
747 2677 771 2728 1.
790 2673 818 2729 9·
837 2673 880 2732 56.

422 2766 468 2824 95)
503 2763 589 2818 Gaea
607 2765 651 2820 29.
686 2766 762 2822 Nam
778 2770 851 2839 quod
867 2769 905 2824 ad
926 2767 1057 2823 notitiam
1077 2768 1203 2836 puntiau
1222 2769 1345 2836 pertinet
1364 2777 1391 2822 et

354 2859 498 2922 numinum
516 2857 711 2928 latitudinem,
734 2862 908 2928 diurnam,
936 2861 1051 2916 etiamsi
1072 2858 1162 2934 doetiu
1183 2860 1321 2927 intentare
1338 2877 1391 2914 uo-

354 2954 471 3018 luisset,
489 2968 524 3006 ee
540 2955 672 3023 proxim
691 2957 756 3026 ripa
771 2963 944 3023 poteramus.

423 3047 469 3110 96)
505 3045 591 3101 Goes.
615 3048 659 3102 29.
700 3050 817 3119 Ideoque
844 3066 941 3104 rerum
968 3049 1007 3104 ad
1031 3049 1235 3119 protensionem
1263 3055 1391 3116 nostram

350 3140 554 3207 pertinentium
579 3141 611 3195 ia
634 3150 762 3212 quautam
789 3144 869 3212 potui
893 3150 1043 3214 occupatur
1075 3145 1198 3214 species,
1219 3143 1390 3214 qualitates,

353 3233 544 3301 conditiones,
562 3236 657 3291 modae
675 3243 702 3291 et
718 3254 848 3292 numeros
864 3238 984 3291 excussi.
1022 3235 1064 3290 cl.
1081 3236 1163 3306 llyg.
1182 3237 1226 3290 45.
1246 3237 1290 3290 21.
1311 3237 1337 3290 2.

423 3329 469 3392 97)
505 3327 591 3382 Goes.
610 3328 654 3383 29.
689 3330 779 3398 Erpa,
804 3345 838 3383 ue
861 3329 929 3398 quid
950 3344 1002 3382 aaa
1023 3329 1210 3398 praeteriisse
1232 3327 1389 3392 uideamur,

352 3420 475 3474 omnium
494 3436 690 3474 mensurarum
708 3422 909 3490 appellationes
927 3422 1112 3488 conteramus·
1147 3407 1192 3476 (ll.
1212 3421 1290 3493 Hyg.
1309 3421 1354 3475 22.

419 3513 466 3576 99)
501 3512 738 3580 nugamentorum
756 3515 821 3568 loco
840 3513 888 3568 liic
905 3516 1028 3570 nondum
1047 3530 1110 3570 esse
1127 3525 1243 3585 possunt
1262 3515 1336 3582 loci,
1358 3515 1388 3569 iu

352 3605 456 3676 quibus
481 3619 581 3663 auctor
604 3607 745 3677 epistolae
766 3609 998 3678 similiohobei,
1032 3618 1116 3677 atque
1139 3610 1214 3680 Hyg.
1244 3608 1289 3664 de*
1304 3609 1387 3663 cond.

350 3694 468 3767 agnei
492 3699 530 3753 de
551 3700 645 3758 liuta·
662 3715 749 3756 cousi.
786 3701 924 3770 Alioquin
947 3704 982 3758 ad
1005 3703 1097 3756 locum
1122 3714 1180 3760 aaa
1199 3705 1245 3769 91)
1272 3704 1388 3760 allatuin

350 3809 553 3867 comparassem
570 3795 644 3866 llyg.
662 3795 698 3850 de
720 3796 801 3850 cond.
819 3812 879 3865 ugr.
897 3798 957 3853 210.
979 3796 1015 3855 (i.
1033 3800 1071 3865 (v.
1090 3809 1148 3854 aot.
1167 3801 1244 3866 197),
1270 3815 1322 3853 uec
1340 3814 1388 3854 re·

350 3890 484 3955 eicerem,
509 3888 590 3942 verbi
615 3890 774 3958 explicandi
803 3905 884 3944 usum
898 3891 981 3967 ,suile
1009 3891 1181 3961 siugalsrem
1221 3891 1322 3960 (Goes.
1344 3895 1387 3950 29.

351 3987 411 4038 llos
434 3985 587 4038 interuentu
610 3985 707 4051 aperie
730 3988 767 4040 ad
788 3988 877 4051 aciem
900 3987 996 4042 decisa
1024 3994 1107 4058 parte
1131 3988 1297 4056 ferramenti
1321 4005 1387 4042 urae

350 4078 496 4146 explicuit)
523 4091 672 4132 recurrere
689 4079 772 4148 apud·
784 4081 860 4151 llyg.
877 4080 914 4135 do
932 4080 991 4135 lim.
1011 4092 1100 4138 consa
1121 4083 1179 4139 168.
1199 4081 1234 4137 G.
1258 4082 1387 4137 ordinate

349 4177 521 4241 ferramento
538 4173 732 4244 explicabitur.
757 4198 759 4202 ·

418 4267 464 4330 99)
501 4266 573 4336 llyg.
598 4266 640 4321 24.
669 4265 710 4321 29.
746 4267 879 4322 Generuli
908 4268 1044 4342 Syrorum
1069 4268 1260 4341 appellatione
1284 4269 1386 4323 luctam
