3492 5242
843 660 901 736 dd

364 869 428 960 giis
448 865 688 956 deperditur-um
703 864 745 946 37)
766 862 822 930 rix
849 864 1013 952 possimus
1043 889 1262 954 cognoscere,
1298 869 1335 936 in
1361 895 1397 939 eo

362 1000 450 1043 nuuc
473 968 737 1066 acquiescemus,
770 980 807 1036 ut
827 994 1043 1061 quaeramus,
1073 984 1181 1039 uuum
1201 974 1303 1063 libri,
1334 1003 1397 1046 ser·

361 1086 426 1154 vati
447 1086 488 1151 ad
510 1096 644 1152 aetatem
665 1093 831 1163 nostram,
860 1082 1011 1171 Hygino,
1032 1083 1170 1170 Trajani
1190 1087 1341 1178 aequali,
1363 1092 1415 1169 b.⁴

361 1217 391 1261 e.
414 1195 463 1279 ei,
499 1196 557 1286 qui
577 1195 617 1261 de
638 1190 880 1261 conditionibus
908 1214 1060 1278 agrorum
1089 1194 1181 1260 etde
1210 1208 1397 1266 controver-

360 1303 484 1369 siarum
505 1303 681 1394 generibus
704 1297 877 1382 disseruit,
900 1298 1065 1365 tribuendi
1085 1301 1152 1368 siut
1173 1327 1291 1372 necne.

442 1413 581 1480 Librum
610 1412 650 1477 de
681 1410 842 1476 limitibus
868 1410 1106 1476 constituendis
1138 1423 1171 1478 et
1200 1413 1325 1482 librum
1357 1416 1397 1484 de

359 1522 596 1589 munitionibus
618 1530 795 1587 castrorum
817 1527 946 1606 praeter
966 1518 1210 1587 Lachmannum
1224 1527 1289 1608 ³⁸),
1309 1524 1396 1612 judi.

358 1656 428 1698 cem
446 1634 559 1695 harum
575 1653 683 1695 rerum
699 1628 945 1721 peritissimum,
968 1631 1154 1716 nemodum,
1177 1632 1265 1721 quod
1280 1634 1394 1720 seiam,

358 1741 398 1807 ab
418 1739 552 1829 Hygino
566 1739 702 1825 Trajani
724 1739 852 1828 aequali
872 1739 1081 1824 abjudicavit.
1125 1740 1189 1805 Vir
1209 1751 1318 1806 autem
1338 1743 1395 1809 ille

356 1850 563 1918 doctissimus
583 1850 688 1916 literis
710 1849 928 1938 interrogatus
951 1874 969 1915 a
991 1873 1055 1932 me,
1079 1873 1137 1915 eur
1157 1851 1202 1915 ita
1223 1859 1393 1937 statueret,

357 1988 421 2054 qua
442 1952 493 2030 est
514 1963 712 2029 humanitate
732 1971 828 2050 atque
851 1959 1065 2046 benignitate,
1088 1959 1280 2025 sententiam
1302 1985 1394 2028 suam

356 2070 462 2137 fusius
494 2068 577 2136 mibi
604 2069 756 2160 exposuit
782 2078 1035 2156 argumentoque
1063 2092 1189 2133 mecum
1212 2072 1391 2139 communi·

356 2179 452 2247 cavit.
496 2179 632 2245 Librum
653 2181 693 2245 de
718 2178 878 2245 limitibus
901 2177 1137 2244 constituendis
1159 2188 1334 2270 propterea
1352 2181 1393 2247 ab

355 2287 489 2380 Hygino
514 2288 650 2376 Trajani
674 2288 802 2378 aequali
834 2287 1020 2374 abjudicat,
1056 2286 1144 2376 quod
1176 2287 1249 2374 ejus
1280 2301 1395 2371 auctor

354 2399 492 2490 primam
523 2411 647 2489 partem
669 2399 748 2462 artis
770 2395 953 2462 mansoriae
975 2396 1030 2476 (de
1050 2394 1224 2479 limitibus)
1253 2399 1392 2465 seorsim

354 2516 491 2591 tractet,
518 2531 592 2572 cum
619 2505 700 2571 alter
728 2529 841 2571 omnes
863 2515 930 2577 tres
960 2512 1069 2593 partes
1100 2506 1179 2572 artis
1207 2507 1392 2574 mensoriae

355 2616 564 2707 exposuerit3
593 2617 681 2706 quod
702 2616 915 2707 expilatorem
936 2640 971 2681 se
993 2616 1142 2683 exhibeat
1162 2616 1315 2684 Frontini
1333 2621 1390 2703 ³⁹),

355 2728 450 2815 cujus
495 2725 594 2793 verba
631 2737 783 2815 corrupta
814 2726 912 2792 etiam
956 2728 1121 2797 incuriose
1159 2729 1391 2821 descripserit,

310 2948 312 2953 ’
421 2955 466 3018 37)
502 2954 590 3013 Totus
607 2953 717 3009 interiit
734 2952 809 3008 liber
826 2954 863 3009 de
881 2955 1068 3012 divisionibus
1085 2971 1226 3026 agrorum,
1244 2958 1326 3025 cujus
1342 2974 1392 3013 so·

352 3047 399 3100 las
417 3045 515 3103 titulus
534 3059 660 3104 servatus
680 3060 722 3105 est
738 3052 776 3118 (v.
796 3068 860 3121 pag.
873 3055 927 3112 34).
962 3055 1009 3108 Ex
1027 3062 1107 3123 parte
1127 3061 1203 3105 certe
1218 3050 1333 3105 interiit
1351 3051 1391 3107 li·

352 3141 405 3195 ber
429 3141 502 3207 ille,
526 3141 555 3195 iu
575 3159 630 3211 quo
657 3144 738 3212 leges
762 3145 1035 3214 constitutionesque
1058 3146 1213 3199 contulerat
1230 3145 1346 3211 (Blume
1361 3148 1387 3210 7,

351 3237 517 3303 169141),
545 3237 580 3290 ad
605 3253 687 3305 quem
714 3239 763 3292 lex
788 3240 918 3294 Mamilia
947 3240 1044 3307 (Goes.
1069 3241 1121 3294 339
1139 3254 1180 3305 sq.
1217 3237 1344 3291 Rudorff
1358 3238 1388 3291 iu

349 3329 492 3385 Zeitacbr.
516 3333 537 3398 ff.
557 3331 646 3400 yeccb.
668 3332 798 3388 Recitata.
816 3336 849 3397 9,
869 3339 943 3402 379.)
969 3335 1142 3406 pertinuisse
1161 3334 1272 3390 videtur
1295 3335 1389 3403 (zeias

349 3426 430 3493 877),
453 3440 526 3492 quae
546 3439 618 3478 nunc
636 3424 715 3478 foliis
731 3427 909 3498 transpositis
928 3430 956 3485 in
975 3431 1058 3486 tinem
1076 3432 1145 3488 libri
1162 3432 1198 3487 de
1215 3432 1275 3487 litu.
1296 3442 1387 3492 comt·

349 3519 388 3585 (v.
408 3527 467 3574 not.
485 3519 531 3582 22)
550 3519 687 3588 pervenit·

416 3605 462 3681 39)
497 3615 557 3668 lad.
584 3615 646 3669 tect.
665 3617 762 3670 Berot.
780 3612 932 3674 armarat.
958 3619 1032 3676 1844.
1058 3638 1084 3690 p.
1100 3623 1126 3678 2.
1162 3620 1388 3688 10007νί2101·-

349 3706 415 3760 titio
435 3709 547 3761 videtur
572 3725 604 3762 ea
630 3709 814 3778 intelligenda
836 3726 910 3772 ease.
935 3730 1016 3782 wem
1041 3715 1168 3784 Hyginus
1188 3715 1387 3785 (antiquio-

349 3819 423 3855 rem
447 3803 568 3867 illum,
596 3804 654 3871 qui
677 3805 735 3857 cub
757 3794 915 3872 Trojano
937 3807 1102 3876 scripsit,
1127 3807 1261 3868 dicimur)
1279 3808 1323 3861 itu
1339 3807 1386 3862 ia-

349 3895 455 3956 nituit,
474 3903 505 3948 ut
520 3897 644 3966 primum
662 3899 695 3951 de
713 3898 850 3953 limitibus
868 3901 1022 3970 disputaret
1040 3899 1138 3966 (Gneo.
1156 3903 1215 3958 700.
1233 3901 1307 3967 aar),
1327 3907 1385 3955 aar

348 3989 385 4043 de
403 3989 593 4046 sedicionibus
611 4009 744 4061 aprorum
768 3997 806 4061 (p.
825 3996 878 4050 2⁰6
890 3996 1002 4062 410),
1022 4003 1163 4065 postremo
1186 3998 1220 4050 de
1236 3995 1386 4065 qenertbae

349 4089 604 4144 controuersiarum
623 4091 703 4153 (mus.
722 4089 814 4143 Rhea.
833 4089 888 4143 vol.
909 4087 975 4144 Vll.
995 4107 1022 4160 p·
1042 4091 1210 4156 156-170).

416 4184 462 4244 39)
495 4183 607 4238 iudicat
630 4184 813 4252 fragmentum
830 4183 973 4250 agrarium
993 4184 1030 4239 de
1047 4183 1185 4239 limitibus
1211 4185 1313 4253 (uoes.
1331 4189 1384 4246 tlt
1412 4192 1416 4199 '

349 4276 460 4346 419),
477 4276 553 4345 quod
571 4276 601 4332 ia
619 4273 767 4332 codicibus
785 4274 927 4332 nonnullis
944 4276 1081 4334 Frontino
1099 4279 1240 4337 tribuitur.
