3492 5242
862 664 890 740 5

356 868 428 934 Nea
456 890 592 957 prorsus
621 869 821 958 spernendae
843 871 1170 958 erant‘conjeeturae
1191 880 1391 958 notasquea

357 975 523 1044 Seriverio
562 977 701 1068 aliisque
743 977 823 1062 viris
858 978 962 1045 doctis
999 979 1200 1070 marginibus
1241 978 1391 1045 codicum

355 1085 548 1175 adscriptae.
594 1085 828 1153 Recentiorum
846 1111 943 1153 curae
964 1087 999 1151 in
1021 1087 1106 1153 libro
1122 1096 1235 1152 nostro
1250 1086 1389 1176 positae,

355 1217 439 1282 quae
469 1194 601 1284 quidem
632 1206 776 1282 exstant,
812 1220 879 1262 nou
909 1209 986 1263 sunt
1017 1195 1128 1284 magni
1158 1194 1387 1262 aestimandae.

354 1302 440 1367 Nam
461 1314 495 1368 et
514 1302 597 1368 Nast
610 1307 643 1384 ⁹)
667 1314 699 1369 et
721 1306 796 1395 RoJ
814 1308 862 1385 ¹⁰)
893 1316 926 1370 ct
946 1305 1067 1370 Planer
1080 1307 1124 1384 ¹¹)
1145 1303 1190 1368 ita
1211 1306 1345 1392 prorsus
1370 1326 1390 1369 a

355 1409 488 1475 Sclrelio
510 1411 669 1499 pendent,
703 1422 759 1495 ut,
787 1412 855 1477 nisi
872 1396 918 1476 in
940 1413 1038 1479 rebus
1060 1410 1259 1494 levioribus,
1288 1411 1328 1476 alr
1349 1434 1390 1477 eo

352 1521 424 1583 fere
451 1543 518 1584 non
554 1519 726 1603 recedant,
767 1520 807 1585 ad
837 1529 960 1585 textum
990 1530 1097 1584 autem
1126 1506 1389 1585 ¹constituendum

352 1626 408 1692 vix
430 1628 608 1717 quidquam
629 1627 838 1693 contulerint.

437 1736 549 1825 Atque
574 1739 655 1801 haee
684 1746 761 1799 sunt
787 1732 933 1798 subsidia
955 1734 1079 1820 omnia,
1110 1696 1266 1831 quibui
1256 1761 1291 1801 sn
1313 1759 1388 1802 con·

352 1821 518 1910 stituendo
541 1857 573 1910 et
586 1842 776 1933 explicando
799 1852 886 1908 textu
909 1864 988 1906 usus
1011 1849 1144 1925 sumll).
1180 1845 1321 1910 Textum
1344 1843 1389 1907 ita

352 1955 528 2038 constitui,
551 1966 588 2018 ut
609 1953 677 2019 sola
698 1952 847 2019 codicum
869 1951 1022 2018 varietate
1045 1950 1220 2040 subjecta,
1235 1977 1300 2042 quo
1322 1953 1388 2018 sin·
1485 1975 1487 1981 ’

351 2064 449 2153 gulae
470 2063 627 2129 lectiones
650 2063 861 2128 fundamento
884 2060 998 2127 critico
1019 2061 1218 2148 niterentur,
1241 2064 1388 2155 conspici

350 2183 475 2261 posset.
520 2171 644 2237 Addidi
674 2181 840 2260 practerea
873 2168 907 2232 in
938 2168 986 2233 eis
1012 2170 1112 2265 locis,
1148 2174 1206 2263 qui
1237 2183 1310 2239 ante
1337 2197 1388 2238 me

352 2283 492 2348 correcti
525 2293 634 2365 erant,
671 2281 746 2371 quis
775 2304 831 2346 eos
861 2279 987 2368 primus
1017 2282 1246 2350 emendaverit.
1301 2283 1388 2348 Con·

346 2396 495 2482 jacturas
518 2405 625 2458 autern
647 2392 789 2460 virorum
812 2394 980 2459 doctorum
1000 2417 1018 2456 a
1039 2390 1272 2457 lectionibus
1263 2416 1297 2456 rn
1320 2401 1388 2455 tex·

350 2515 420 2568 tum
452 2503 592 2593 receptis
615 2504 836 2594 discrepantes
862 2503 966 2570 textui
989 2502 1151 2587 subjicere
1170 2500 1279 2585 nolui,
1311 2499 1387 2590 quia

351 2608 572 2701 intelligebam
594 2617 663 2680 lore
691 2627 727 2679 ut
747 2639 822 2680 cum
850 2613 990 2679 maximo
1012 2614 1139 2676 chartac
1166 2609 1386 2700 temporisque

355 2721 548 2787 detrimento
575 2723 666 2787 nulla
695 2724 764 2787 iere
787 2733 843 2787 aut
865 2721 1037 2787 admodum
1059 2720 1177 2805 exigua
1202 2717 1325 2784 utilitas
1346 2718 1387 2783 ad

352 2855 428 2913 eos,
457 2830 515 2920 qui
537 2832 679 2897 editione
701 2857 772 2897 mea
795 2832 887 2897 usuri
914 2839 1042 2913 essent,
1073 2827 1279 2893 redundaret.
1326 2827 1386 2892 Ce-

351 2950 457 3005 terum
485 2941 519 3004 in
543 2938 774 3008 commentario
803 2941 925 3027 multa,
954 2965 1037 3031 quae
1059 2942 1123 3005 lruc
1144 2939 1325 3029 pertinent,
1355 2948 1388 3003 et

420 3236 450 3294 9)
486 3232 559 3287 Nast
581 3231 637 3286 uad
662 3231 793 3298 Roescr,
807 3229 958 3285 'ruminate
985 3229 1279 3301 Kriepaaltertlntmer.
1306 3232 1389 3286 tlalle

352 3329 429 3382 1781.
448 3345 476 3396 p.
495 3328 651 3382 tto—tuo.

406 3422 451 3483 10)
488 3421 568 3491 Roy,
587 3420 630 3473 lle
647 3421 775 3488 military
791 3415 955 3487 untiquities
974 3416 1006 3482 of
1020 3414 1063 3469 tie
1083 3416 1206 3471 Romans
1223 3401 1254 3471 in
1272 3419 1389 3472 Britain

351 3516 410 3570 und
418 3488 607 3586 paeticularly
621 3512 693 3568 tdeir
711 3512 821 3567 unciam
839 3517 940 3582 system
963 3510 995 3576 of
1007 3512 1247 3564 castrametation.
1270 3510 1388 3564 London

353 3613 430 3667 1793.
451 3628 478 3682 p.
501 3613 550 3664 177
569 3625 634 3677 sqq.

408 3706 451 3762 11)
485 3703 608 3768 Placet,
627 3703 660 3756 de
677 3701 783 3755 caetris
800 3671 946 3754 llomunir.
973 3697 1069 3753 Berol.
1093 3700 1168 3755 1842.
1343 3675 1348 3684 ⁶

343 3845 346 3850 .
407 3801 450 3860 12)
485 3796 655 3852 versionem
677 3793 764 3856 libri,
785 3809 858 3860 quae
875 3792 1071 3851 vratislaviae
1094 3739 1392 3861 ann01778.prodrit

352 3891 492 3957 (Verruci
519 3893 599 3947 einer
625 3892 827 3957 Ueteraetzuny
853 3888 906 3941 der
931 3885 1168 3942 castrametation
1191 3887 1240 3940 dea
1259 3887 1391 3956 Hypinua.

352 3989 379 4042 8.
403 3986 441 4041 cl.
460 3985 538 4041 Nost
557 3987 576 4039 l.
592 4003 618 4040 a.
636 3987 709 4050 2⁷6.)
727 3984 850 4039 nancisci
870 3999 926 4039 non
945 3982 1035 4054 potui.
1056 4011 1088 4022 -
1124 3983 1244 4035 Exstant
1265 3991 1391 4050 practer·
1440 3991 1460 4044 g

353 4095 387 4134 ea
405 4078 489 4134 uotae
513 4080 720 4150 manuscriptae
738 4076 855 4135 Graevii
880 4078 910 4132 in
934 4074 1091 4147 exemplari
1109 4076 1284 4140 Scheliano,
1317 4073 1391 4140 quod

353 4177 382 4229 iu
403 4168 579 4228 bibliotheca
596 4174 715 4242 quadam
734 4172 974 4240 Heidelbergenai
994 4179 1136 4239 servatur,
1161 4166 1335 4241 perscriptae
1359 4174 1393 4234 (v.

353 4268 495 4335 crearer,
516 4267 663 4362 Romiacle
680 4268 897 4338 Antiquitatum
920 4282 947 4338 p.
966 4266 1047 4333 345).
