3492 5242
952 687 987 730 Vl

316 846 318 850 ⁵
451 863 690 956 dicereturque
716 865 771 935 via
797 869 918 940 saltem
944 867 1018 960 ejus
1052 870 1273 965 intelligendi.
1336 871 1491 944 Excusa-

452 990 581 1061 tionem
613 1002 792 1085 praeterea
824 996 963 1067 libertas
989 995 1044 1065 illa
1076 996 1157 1068 inde
1183 997 1351 1078 inveniet,
1383 999 1490 1091 ·quod

451 1114 573 1188 sedulo
607 1120 743 1201 curavi,
783 1120 989 1193 lectionibus
1016 1123 1176 1194 omnihus
1200 1122 1301 1192 trium
1331 1123 1491 1196 codicum

451 1242 560 1312 textui
583 1244 763 1335 subjectis,
791 1256 827 1317 ut
849 1245 1015 1319 haberent
1037 1249 1186 1322 lectores
1207 1256 1405 1344 apparatum
1425 1249 1489 1321 cri-

316 1363 318 1366 ’
451 1370 573 1450 ticum,
619 1392 688 1462 quo
723 1370 790 1442 nisi
826 1375 1060 1448 correctiones
1094 1379 1129 1449 in
1165 1385 1297 1450 textum
1319 1387 1490 1474 receptas

414 1483 417 1491 ’
451 1495 516 1588 ipsi
541 1495 724 1566 aestimare
748 1505 902 1591 possent.
928 1485 930 1489 ⁷
1043 1507 1045 1510 ⁴

429 1675 432 1680 -
552 1623 810 1696 Incommodum
837 1622 1013 1716 quoddam
1036 1625 1222 1698 lectoribus
1248 1649 1291 1698 ea
1314 1649 1352 1699 re
1376 1636 1490 1700 ortum

441 1758 521 1848 est,
565 1750 675 1842 quod,
721 1751 997 1853 quialRutgersii
1022 1752 1201 1825 variarum
1227 1755 1426 1826 Lectionum
1451 1752 1491 1824 li·

450 1875 532 1947 bros
558 1885 630 1947 tum
660 1875 800 1948 demum
826 1874 1006 1971 excerpsi,
1046 1898 1127 1950 corn
1153 1889 1268 1975 textus
1301 1879 1391 1974 typis
1418 1878 1523 1969 jam,

450 2014 544 2075 esset
570 2004 781 2099 impressus,
820 2027 889 2076 non
918 2005 990 2097 jam
1026 2007 1121 2102 potui
1153 2007 1188 2077 in
1220 2006 1405 2078 lectionum
1429 2025 1491 2075 va·

447 2130 571 2201 rietate
594 2129 777 2210 adnotare,
811 2153 900 2222 quos
920 2133 1015 2204 locos
1034 2133 1091 2203 ille
1115 2114 1246 2227 primus
1266 2131 1489 2212 correxisset,

451 2257 513 2329 sed
542 2266 682 2329 coactos
709 2277 804 2329 eram
831 2258 865 2328 in
893 2260 1137 2332 commentario
1163 2257 1249 2332 haec
1275 2260 1415 2346 addere.

468 2418 471 2426 ·
551 2385 589 2454 ln
615 2382 869 2478 prolegomenis
894 2383 1025 2456 addere
1050 2393 1206 2480 poteram
1224 2380 1271 2481 (p.
1292 2381 1362 2483 3.)‚
1398 2387 1490 2460 Scri-

429 2514 431 2518 ’
448 2509 582 2580 verium
606 2511 777 2602 cogitasse
802 2511 848 2582 de
873 2521 971 2582 textu
989 2511 1114 2606 Hygini
1137 2513 1320 2586 emendato
1338 2513 1489 2586 edendo.

450 2635 488 2707 ld
513 2658 559 2708 ex
585 2637 791 2720 eiecluoet,
828 2640 979 2732 quaein
1003 2639 1095 2713 loliis
1115 2638 1176 2712 212
1198 2640 1263 2713 v22.
1284 2640 1399 2713 codici
1425 2637 1490 2712 Ar-

386 2821 388 2823 >
449 2767 589 2838 oermno
610 2762 775 2861 praefixis
795 2769 1006 2864 perscripsit.
1050 2768 1165 2843 Verbo
1186 2769 1261 2861 ejus
1283 2775 1378 2840 sunt:
1411 2767 1491 2840 Val-

449 2898 495 2989 dox
526 2902 699 2984 comparo
733 2914 777 2966 oe
813 2898 942 2967 rutilas
974 2893 1038 2992 (sc.
1065 2890 1189 2992 liber),
1241 2894 1493 2981 comptissima

444 3022 623 3110 ploraque,
665 3023 718 3091 etc
740 3029 851 3101 tanton
881 3028 918 3092 ut
945 3023 1124 3112 desperem
1153 3037 1296 3110 proruo
1324 3036 1393 3092 aco
1416 3019 1492 3090 sint.

313 3146 314 3150 ‘
451 3149 649 3237 maumam
678 3167 778 3220 soco-
792 3149 906 3229 omnio
931 3144 982 3218 me
1010 3140 1257 3236 protutorem
1288 3137 1356 3217 noc
1384 3146 1492 3234 pout-

330 3265 338 3272 ’
451 3293 538 3345 ocor.
555 3269 614 3327 '-
673 3277 759 3346 &on
791 3275 1053 3346 tommano
1075 3273 1494 3362 mememorato

451 3403 730 3491 mmmfcncae,
775 3418 837 3472 nec
863 3401 1104 3490 -corractr'oucm
1139 3401 1329 3472 menne
1352 3417 1398 3470 ce
1421 3403 1493 3470 nto

450 3530 513 3598 virt
537 3531 645 3616 deca,
686 3545 731 3597 cc
753 3527 946 3611 conmotam
969 3528 1019 3596 tto
1047 3522 1308 3613 emendantem,
1352 3532 1386 3597 ct
1407 3526 1494 3597 loce

451 3626 693 3744 onoltococqm
727 3655 878 3733 antimo.
939 3655 1064 3724 Partim
1087 3655 1222 3742 malo,
1258 3654 1384 3742 partim
1409 3671 1492 3722 cor·-

450 3789 549 3870 npo
571 3770 662 3872 cun,
701 3783 745 3852 aa
766 3776 911 3852 mauu
941 3783 1040 3871 uris,
1082 3784 1140 3872 qe·
1170 3776 1362 3871 ottanum,
1384 3780 1493 3851 -nnoo

451 3912 549 3980 modo
582 3911 752 3980 intellecto.
804 3909 852 3980 Gi.
886 3910 1048 3982 Scriverii
1086 3918 1167 3980 noto
1200 3906 1245 3979 ad
1276 3906 1358 3999 ch.
1386 3905 1430 3987 2,
1454 3905 1490 3978 7.

451 4034 637 4105 Consilium
651 4064 653 4069 ·
669 4042 792 4105 muron
815 4033 882 4107 hoc
912 4052 982 4106 non
1015 4035 1126 4126 magis
1157 4042 1325 4106 executus
1347 4043 1404 4105 est
1431 4028 1491 4130 (cl.

451 4161 496 4234 de
521 4161 628 4233 altera
650 4162 815 4234 Scriverii
841 4163 993 4236 editione
1019 4165 1154 4260 prolog:
1177 4186 1211 4257 p.
1239 4154 1341 4258 dila),
1386 4180 1492 4255 quarn

450 4288 659 4378 Salmasius,
684 4288 745 4383 qni
766 4288 872 4362 etiam
895 4284 1368 4386 palum-Hygini·1etlitionem
1394 4288 1492 4384 polli-
