3492 5242
894 684 1015 773 stat

461 904 539 975 pisse
562 898 707 964 videntur,
739 895 774 949 Ἃ
797 893 962 947 decuriones
980 901 1009 946 et
1029 890 1133 958 reliqui
1158 891 1342 964 principales.
1404 895 1499 950 Tum

460 1003 521 1056 alae
538 996 634 1066 quing
653 991 757 1062 accipit
772 1006 828 1044 non
846 998 888 1044 tot
904 987 1005 1057 pedes,
1024 996 1094 1054 quet
1110 986 1241 1058 accipere
1258 986 1399 1054 deberet,
1419 988 1444 1044 ai
1458 1004 1497 1042 re·

461 1109 527 1149 vera
543 1090 649 1159 singuli
668 1085 776 1156 equites
793 1089 810 1139 3
827 1084 916 1155 pedes
933 1084 1108 1153 acciperent,
1127 1083 1154 1134 h.
1172 1098 1197 1135 e.
1214 1083 1263 1150 90,
1279 1082 1332 1136 sed
1353 1083 1446 1152 perles
1460 1084 1496 1137 tt

460 1189 565 1242 ilerum
579 1187 614 1241 68
631 1181 773 1251 accipiunt
790 1177 916 1247 gregarii
930 1179 973 1238 27,
993 1177 1027 1231 lb
1044 1174 1227 1245 principales.
1256 1175 1333 1228 ilinc
1350 1184 1447 1230 autem
1460 1190 1497 1229 te·

460 1281 568 1350 quitur,
583 1265 617 1330 ut
633 1292 671 1330 ex
691 1277 723 1330 16
740 1283 893 1328 turmarum
912 1269 1047 1340 pedatura
1066 1268 1211 1337 supersint
1230 1268 1318 1340 pedes
1333 1271 1374 1326 96
1392 1286 1445 1340 per
1459 1271 1498 1335 8⁰,

461 1375 505 1428 vel
524 1376 557 1429 48
576 1387 627 1442 per
646 1373 696 1436 603
726 1383 797 1434 quos
814 1366 839 1420 si
856 1367 892 1420 ad
913 1358 984 1418 viam
1004 1363 1186 1436 principalem
1211 1363 1356 1433 praelecto
1375 1364 1439 1418 alae
1453 1361 1498 1416 sd·

459 1465 616 1536 signemus,
650 1462 736 1516 etiam
757 1460 808 1513 ille
833 1457 861 1512 in
890 1458 963 1528 pede
988 1456 1078 1527 ipsius
1104 1458 1167 1510 alae
1193 1456 1359 1527 pedaturam
1389 1457 1496 1526 accipit.

459 1561 516 1617 Sed
542 1560 662 1612 fortasse
687 1571 741 1607 non
767 1552 859 1606 laxius
886 1551 1038 1607 tendebant
1063 1551 1236 1622 principales
1260 1552 1323 1605 alae
1350 1551 1497 1617 milianica,

459 1668 540 1720 quam
564 1648 741 1721 principales
758 1647 820 1700 alae
838 1644 1054 1714 quingenariae,
1091 1645 1115 1697 si
1136 1645 1249 1713 quidem
1275 1645 1434 1713 probabile
1448 1654 1496 1711 est,

458 1763 496 1801 ex
516 1749 551 1801 24
571 1743 691 1814 pedibus
710 1741 787 1807 illis,
817 1756 887 1808 quos
905 1739 1110 1811 principalibus
1128 1740 1190 1792 alae
1208 1739 1348 1793 miliarias
1368 1740 1496 1809 adsigna·

460 1841 565 1899 vinus,
598 1838 616 1890 8
635 1835 722 1904 pedes
745 1832 881 1886 deductos
899 1846 975 1892 esse,
1010 1830 1138 1896 quirius
1163 1833 1386 1887 transversarios
1409 1833 1497 1887 elice·

458 1942 535 1996 rent,
568 1945 641 1997 quae
664 1938 740 1982 certe
758 1927 787 1979 in
806 1927 898 1995 ampla
920 1926 1026 1979 alarum
1051 1924 1233 1980 miliariarum
1257 1926 1400 1995 pedatim
1417 1926 1497 1995 mit

460 2022 631 2078 necessariae
650 2030 743 2087 eruut,
773 2035 854 2086 quam
876 2016 904 2070 in
923 2017 976 2070 alis
995 2015 1197 2086 quingenariis.
1241 2020 1430 2090 Principales
1446 2030 1496 2074 tres
1535 2032 1537 2075 ;

459 2129 528 2190 puto
546 2134 628 2171 unum
657 2114 804 2170 tentorium
824 2113 957 2168 habuisse
982 2113 1069 2183 idque
1092 2114 1237 2179 aliquante
1261 2117 1366 2182 majus,
1401 2130 1496 2183 grega-

460 2212 518 2265 rios
536 2224 642 2266 turmae
660 2211 723 2263 alae
741 2208 798 2262 mil.
819 2206 940 2261 tentoria
957 2209 988 2272 8,
1022 2209 1171 2276 gregarios
1193 2219 1301 2262 turmae
1319 2209 1385 2262 alae
1403 2208 1494 2277 quing.

460 2304 581 2361 tentoria
598 2307 623 2361 6.
660 2304 694 2357 lu
713 2299 834 2359 tentorio
850 2301 958 2354 luerint
975 2303 1086 2366 equites
1104 2303 1120 2355 t
1141 2310 1187 2354 aut
1205 2302 1222 2354 5

529 2397 660 2467 Aliquo
679 2397 807 2464 laxius]
844 2392 889 2446 Ad
908 2394 1002 2462 ulique
1019 2395 1056 2449 ci.
1075 2412 1127 2464 quo
1144 2396 1187 2450 89.
1233 2394 1298 2450 Non
1319 2396 1438 2454 videtur
1452 2412 1495 2452 ne·

459 2493 582 2549 cessarie
600 2495 762 2560 conjectura
781 2488 894 2545 Schelii
914 2488 1066 2558 aliquanto.

946 2655 1012 2706 la.
1039 2706 1043 2718 ,

530 2771 579 2825 Ad
600 2768 821 2835 retenturam]
850 2769 899 2822 Aa
915 2767 1042 2824 correxit
1058 2771 1114 2838 jam
1133 2782 1197 2827 ante
1214 2772 1361 2828 Sebelium
1380 2774 1495 2845 liutger·

461 2867 533 2931 sius,
552 2869 623 2923 Vur.
638 2867 712 2920 bect-
725 2865 820 2933 ptii.
854 2865 1004 2918 Reteoturu
1022 2874 1064 2918 est
1082 2881 1148 2935 pars
1166 2869 1251 2922 tertia
1267 2868 1440 2925 interiorum
1456 2884 1496 2924 cs·

461 2973 593 3027 atrorum,
613 2974 684 3029 quae
704 2959 866 3012 continetur
884 2957 931 3011 via
948 2961 1078 3028 quintana
1096 2970 1125 3015 et
1142 2962 1187 3017 via
1204 2963 1343 3032 sagulari.
1382 2964 1497 3020 Dacitsr

462 3071 554 3108 roxa
576 3054 740 3107 retundendi
762 3052 848 3106 verbo
867 3054 922 3119 (25.
941 3055 983 3109 ³1.
1001 3056 1072 3122 tt),
1105 3057 1238 3127 opposito
1263 3058 1345 3112 verbi
1370 3066 1496 3129 praeua-

461 3150 548 3204 uoci
564 3149 602 3215 (v.
622 3163 707 3217 supra
724 3163 752 3217 p.
774 3148 853 3214 122).

531 3242 644 3312 Super
661 3240 855 3313 praetorio]
890 3240 936 3295 Ita
958 3239 1086 3297 correxit
1107 3244 1162 3310 jam
1181 3244 1268 3312 Rutg.
1287 3243 1305 3298 Ι.
1322 3261 1348 3301 c.
1366 3247 1431 3302 429.
1456 3244 1495 3300 ut.

462 3353 490 3408 p.
513 3339 570 3393 rat.
607 3336 696 3407 Super
714 3333 780 3388 iude
797 3333 974 3404 explicatur,
998 3332 1071 3401 quod
1091 3333 1202 3406 inipso
1221 3339 1367 3408 praetorio
1385 3350 1497 3397 stante!

462 3450 494 3488 se
511 3431 602 3499 fingit.

531 3527 599 3582 Per
616 3527 713 3594 cajus
731 3524 881 3591 rigorem
899 3522 966 3590 etc]
991 3523 1082 3578 Nemo
1101 3539 1154 3578 nen
1173 3524 1264 3592 videt,
1284 3526 1427 3597 supplere
1442 3528 1497 3599 Hy·

461 3621 557 3692 girum
574 3622 605 3680 h.
622 3622 642 3678 Ι.
660 3636 710 3688 ea,
730 3635 800 3688 qnae
818 3616 855 3670 de
872 3616 1036 3674 cohortibus
1055 3620 1153 3690 primis
1170 3636 1254 3689 supra
1270 3626 1344 3690 (par.
1360 3624 1401 3691 t.)
1419 3622 1497 3676 ‹lixe-

462 3729 512 3774 rat.
539 3718 577 3772 Ut
596 3717 636 3771 ibi
655 3716 726 3770 duas
745 3729 795 3784 per
812 3712 935 3780 rigorem
955 3715 1018 3770 viae
1036 3717 1204 3787 principalis
1220 3727 1248 3771 et
1264 3716 1419 3786 sagulatis,
1434 3716 1498 3770 duas

460 3829 514 3882 per
537 3814 660 3881 rigorem
679 3811 742 3863 viae
763 3811 921 3879 praetoriae
939 3822 966 3867 et
988 3813 1128 3882 sagulatis
1149 3822 1293 3883 posuerat,
1328 3812 1371 3866 ita
1390 3812 1498 3881 quintae

461 3906 588 3974 legionis
599 3905 743 3960 cohortem
762 3902 878 3974 primam
896 3905 974 3958 nullo
988 3904 1045 3958 alio
1062 3906 1091 3959 in
1106 3907 1171 3960 leco
1190 3905 1258 3976 poni
1275 3920 1361 3974 posse
1373 3913 1497 3977 apparet.

462 4001 518 4055 uisi
537 4016 589 4070 per
613 3998 736 4067 rigorem
756 3995 818 4050 viae
843 3998 993 4065 quintanae
1011 4007 1040 4052 et
1056 3999 1204 4067 angularis.
1247 3996 1320 4052 Turn
1339 4014 1411 4052 aero
1428 4012 1497 4072 sy!-

461 4095 578 4150 metriae
594 4090 666 4146 ratio
684 4089 821 4159 postulat,
844 4101 874 4144 nt
891 4090 981 4144 altere
999 4089 1088 4143 latere
1106 4099 1263 4144 retenturae
1281 4090 1357 4145 duae
1372 4092 1498 4149 conotus

461 4185 639 4256 legionariae
656 4193 809 4253 ponantur,
826 4185 940 4241 cohorti
958 4188 1065 4255 primae
1082 4184 1228 4256 oppositae
1240 4185 1289 4248 (cl.
1306 4185 1343 4240 ad
1361 4186 1412 4254 8.).
1447 4187 1497 4242 lta·

462 4297 518 4350 que
539 4296 595 4335 non
613 4277 729 4357 dubito,
762 4280 831 4347 quin
854 4280 941 4336 verba
958 4281 995 4337 ed
1020 4282 1184 4338 sententiam
1210 4288 1288 4336 recte
1305 4282 1497 4339 accon-etit·
