3492 5242
640 663 823 789 ‘aaa

268 864 330 918 rim.
368 864 465 921 Verba
473 866 510 922 ¹in
524 873 707 935 praetentare
724 867 855 923 omittere
874 867 992 923 tortam
1009 863 1147 938 poteram,
1171 871 1302 937 qnoniam

266 959 408 1014 sententia
430 959 473 1016 eis
498 959 611 1016 omissis
638 976 691 1014 non
718 969 849 1017 mutatur.
880 961 925 1016 (il.
944 976 1015 1029 quae
1038 977 1122 1032 supra
1141 980 1168 1032 p.
1189 964 1247 1018 158.
1262 964 1303 1018 ‚de

265 1058 297 1104 at
315 1052 490 1121 supradixi.
537 1052 650 1110 Schelii·
670 1055 831 1122 conjectura
846 1063 905 1109 est:
938 1054 1053 1125 quinque
1071 1039 1193 1124 ieqioner
1210 1065 1237 1110 et
1255 1075 1302 1112 sn·

263 1164 334 1217 pra,
351 1151 490 1217 pedatura
508 1150 619 1205 caiam
634 1151 746 1220 primae
763 1148 830 1203 dari
846 1150 930 1204 solet.

264 1278 268 1282 -
335 1240 574 1298 Latitudinem
593 1234 714 1313 pedum
731 1240 802 1309 XL]
832 1239 937 1294 Nescio
955 1255 1012 1307 quo
1033 1256 1132 1295 errore
1150 1243 1303 1311 perductus

264 1333 295 1387 in
315 1337 388 1390 ilict.
408 1344 474 1391 mut.
493 1353 521 1406 p.
537 1338 580 1390 61.
599 1333 751 1404 quintanae
768 1337 804 1399 311
820 1332 909 1402 pedes
931 1332 1118 1402 adsignarim‚
1152 1344 1183 1389 et
1198 1335 1227 1409 in
1245 1334 1303 1391 ma.

263 1427 375 1495 juribus
393 1428 497 1482 castris
514 1432 557 1484 41.
585 1428 662 1482 ldem
680 1425 777 1499 Royio
795 1424 938 1481 accidisse
956 1425 1041 1482 rideo
1059 1430 1098 1497 (p.
1110 1429 1190 1493 rra).
1219 1424 1302 1498 'Apud

266 1520 420 1592 Polybium
439 1532 500 1576 erat
517 1525 553 1577 50
571 1523 660 1592 pedes
677 1523 734 1576 lata
752 1523 790 1589 (d,
807 1525 875 1589 30.)-
1294 1562 1296 1567 ,

263 1661 266 1667 .
332 1614 370 1671 Si
390 1627 514 1686 portae
531 1615 582 1670 ibi
602 1617 703 1678 datae
720 1614 861 1684 inerint,
881 1615 906 1669 L
923 1614 1030 1684 pedes
1047 1612 1211 1684 accipiet]
1235 1613 1303 1669 Ple·

264 1724 383 1775 rumque
401 1708 429 1761 in
455 1710 556 1764 castris
575 1721 697 1777 quatuor
716 1720 821 1766 tautum
839 1717 939 1778 partae
958 1717 1215 1763 commemorantur.
1241 1690 1302 1763 dos.

261 1802 298 1857 Β.
317 1801 384 1856 Jud.
404 1806 431 1866 3,
450 1804 476 1868 5,
495 1804 519 1859 2.
556 1801 622 1859 Lis.
639 1805 683 1870 au,
701 1805 744 1859 27.
781 1804 880 1858 lirant.
899 1785 984 1861 Strat.
1004 1807 1031 1871 ³,
1052 1808 1093 1872 17,
1113 1806 1145 1859 i.
1171 1804 1247 1874 ilyg.
1266 1804 1304 1859 de
1322 1848 1327 1862 ,

261 1893 338 1948 Lim.
357 1893 453 1967 Gaust.
471 1912 499 1964 p.
520 1895 578 1949 163.
620 1894 713 1961 Atque
731 1911 768 1947 ex
791 1893 855 1965 ipso
872 1906 969 1951 uosno
989 1897 1206 1967 locoapparet,
1238 1875 1310 1951 raro*

263 1997 368 2043 tantum
386 1986 416 2040 in
436 1987 481 2041 via
499 1987 633 2054 quintana
655 1997 752 2057 portas
770 1987 851 2042 datas
872 2004 942 2045 esse.
987 1989 1094 2046 Leonis
1112 2002 1210 2046 contra
1233 2000 1303 2044 tear·

251 2096 334 2151 pore
361 2097 470 2151 semper
497 2092 611 2150 praeter
638 2091 735 2150 portas
760 2091 881 2147 quatuor
904 2099 1019 2152 magnas
1045 2083 1168 2140 minores
1191 2084 1304 2152 aliquot

261 2173 460 2248 (nopandpeaa)
479 2175 508 2227 in
532 2172 632 2228 castris
656 2183 738 2235 erant
754 2177 809 2240 (ll,
830 2178 895 2237 lta).
939 2177 1023 2233 Siue
1037 2177 1124 2232 dubio
1148 2189 1247 2249 portae
1271 2177 1301 2232 in

262 2268 310 2324 via
327 2270 463 2335 quintana
485 2270 568 2322 datae
586 2278 615 2321 et
632 2265 712 2336 ipsae
734 2266 885 2334 quintanae
907 2270 1137 2337 nominabantur,
1165 2283 1197 2328 ut
1220 2286 1303 2342 porta

261 2378 375 2428 quoque
394 2360 536 2433 praetoria
553 2371 584 2416 et
601 2370 700 2430 portae
719 2358 895 2430 principales
911 2376 929 2413 a
948 2361 1002 2415 viis
1020 2362 1234 2431 cognominibus
1251 2380 1303 2417 no·

262 2472 323 2508 men
348 2466 526 2528 acceperunt.
579 2455 640 2509 Nec
663 2466 753 2510 tamen
770 2453 902 2525 Hyginus
919 2455 1101 2525 sequentibus
1120 2459 1216 2511 verbis
1237 2475 1304 2529 por·

263 2563 305 2606 tas
323 2552 472 2620 quintanae
497 2537 654 2620 appellatas
673 2565 736 2603 esse
760 2547 894 2615 dicebat,
928 2549 978 2603 sed
998 2550 1237 2605 causamafferre
1254 2567 1303 2604 vo·

243 2624 245 2629 ’
262 2643 331 2711 luit,
350 2660 400 2697 cur
415 2645 463 2698 nia
479 2643 615 2710 quintana
631 2642 777 2697 diceretur
794 2639 841 2705 (cl.
853 2642 916 2708 rt).
952 2642 1131 2715 Quapropter
1149 2644 1221 2698 salso
1239 2658 1302 2699 cor·

257 2737 340 2793 rexit
365 2737 472 2790 Planer
496 2753 524 2807 p.
543 2739 586 2792 69.
614 2736 754 2803 accipient
776 2761 811 2775 -
836 2737 1066 2806 coqnontinantur
1089 2769 1118 2783 -
1144 2740 1300 2808 quintanae.

255 2832 351 2886 Quam
370 2832 557 2897 conjecturam
578 2847 634 2886 non
656 2831 865 2902 proposuisset,
899 2829 956 2887 nisi
973 2830 1051 2889 Festi
1073 2843 1238 2902 corruptum
1257 2831 1301 2886 lo·

261 2942 323 2980 cum
344 2924 416 2978 tueri
434 2940 469 2978 ea
486 2941 517 2979 se
536 2941 618 2995 posse
634 2926 820 2983 arbitraretur
837 2926 887 2994 (os.
907 2943 934 2996 p.
952 2928 1012 2983 136.
1033 2928 1113 2992 lit).

332 3019 505 3074 Quintana
523 3036 627 3075 causa
644 3020 836 3090 copiarum]
873 3019 1034 3074 Dirimebat
1055 3017 1129 3073 euim
1147 3018 1302 3087 antiquitus

261 3112 376 3179 quintos
394 3123 422 3167 et
441 3124 538 3169 sextos
557 3114 722 3185 manipulos.
750 3112 795 3166 Ol.
808 3113 920 3198 Polyq.
934 3116 961 3181 a,
974 3115 1018 3171 30.
1035 3110 1069 3186 ἢν
1084 3116 1194 3168 καλοῦσι
1210 3115 1302 3178 atpa-

259 3227 310 3276 την
326 3204 369 3260 daci
390 3205 422 3261 τὸ
445 3206 520 3280 nupti
543 3208 580 3262 aci
597 3211 707 3274 arianae
727 3207 853 3275 coiranno
876 3209 1012 3281 παρήκειν.
1064 3209 1173 3262 Nomen
1200 3207 1302 3263 mansit

260 3300 345 3355 etiam
363 3317 395 3355 re
413 3313 521 3357 munta.
558 3304 629 3358 Nam
652 3306 682 3359 in
700 3305 809 3376 llygini
828 3305 930 3358 castris
948 3303 996 3356 via
1013 3300 1148 3368 quintana
1163 3300 1238 3354 iuter
1253 3317 1301 3354 oo-

260 3397 360 3449 lrortes
378 3407 474 3461 sextas
492 3408 519 3452 et
542 3399 675 3469 septimas
701 3398 853 3468 percurrit.
900 3395 981 3476 Viae¹
994 3395 1141 3465 quintanae
1165 3394 1301 3462 quodam·

258 3488 345 3542 modo
363 3490 519 3559 comparari
545 3500 641 3560 potest
658 3491 740 3545 limes
756 3490 930 3560 quinarius,
959 3485 1121 3558 quispatio
1137 3485 1299 3558 ampliatur.

261 3582 306 3638 cf.
319 3584 397 3653 llyg.
415 3583 451 3638 de
467 3583 539 3639 Lim.
555 3585 651 3642 const
664 3587 724 3644 rte.
754 3584 920 3648 Quintanam
938 3591 1131 3639 commemorat
1147 3581 1209 3637 Lis·
1220 3583 1263 3652 ll,
1273 3584 1299 3638 1.

746 3753 812 3806 le.

330 3865 573 3922 Quaestoriutn
592 3865 743 3934 dicitur,
768 3863 861 3933 qnod
881 3861 1073 3931 aliquando
1091 3875 1300 3931 quaestores

259 3961 312 4016 ibi
332 3960 530 4032 pedaturam
548 3961 767 4031 acceperint]
794 3960 884 4015 Recte
902 3958 970 4014 hinc
984 3956 1149 4028 colligitur,
1168 3951 1319 4026 quaesto·¹

259 4071 308 4110 res
325 4066 390 4110 tuuc
408 4070 463 4107 nou
479 4055 534 4121 jam
553 4052 583 4106 iu
602 4053 836 4125 bellaprolectos
854 4067 925 4109 esse.
976 4052 1019 4106 Ac
1037 4061 1143 4107 constat
1154 4037 1227 4109 ¹statae
1244 4052 1298 4107 ali·

259 4151 337 4207 uade
353 4150 428 4217 (Gai.
447 4150 515 4205 lust.
534 4150 645 4208 Gomm.
662 4153 687 4217 1,
705 4153 757 4213 6.),
787 4157 951 4216 quaestores
969 4148 999 4201 iu
1016 4146 1181 4219 provincias
1198 4146 1299 4202 Gaesa-
1378 4133 1380 4141 ⁴

258 4247 301 4303 ris
319 4263 356 4302 ex
374 4245 495 4316 Augusti
514 4253 641 4317 tenpore
659 4262 713 4301 non
732 4261 796 4303 erse
814 4244 924 4301 missos.
968 4242 1171 4300 uuoenoribur
1195 4249 1298 4306 antem,
