3492 5242
827 559 907 700 tuo

351 847 411 885 rum
434 829 535 884 eodem
554 828 654 907 rigore
674 842 859 899 percurrunt,
892 843 977 902 atque
1000 828 1108 898 strigae
1134 836 1336 896 praetenturae
1346 829 1385 896 (r.

352 929 416 982 l’ol.
434 924 462 993 0,
480 929 543 988 31.).

421 1019 583 1077 Quoniam
607 1050 643 1061 —
671 1020 858 1091 debebunt]
894 1021 925 1077 Si
954 1018 1028 1072 enirn
1053 1016 1162 1084 strigae
1187 1027 1386 1086 praetenturae

350 1113 450 1167 eodem
467 1113 564 1182 rigore
582 1123 795 1184 percurrerent,
815 1130 848 1168 ac
865 1115 972 1182 strigae
989 1114 1108 1166 luterum
1128 1109 1279 1179 praetorii,
1306 1109 1387 1178 signa

350 1209 504 1263 mediarum
524 1207 751 1278 strigaruruaisi
777 1208 813 1260 ad
832 1208 903 1261 viam
922 1206 1079 1273 augularem
1099 1201 1171 1273 poni
1191 1216 1247 1255 non
1266 1213 1386 1271 possent.

349 1301 439 1370 Signa
463 1312 552 1355 eutem
578 1302 613 1355 ad
640 1305 759 1369 majores
777 1301 844 1352 ries
868 1298 1035 1354 collocanda
1056 1307 1119 1351 sunt
1137 1297 1184 1361 (os.
1205 1300 1246 1352 8⁴.
1264 1309 1292 1350 et
1309 1299 1344 1352 ad
1361 1301 1386 1354 3.

353 1400 416 1464 ta).

842 1561 908 1612 1⁵.

424 1677 587 1732 Dabimus
614 1679 734 1745 itaque
760 1680 857 1732 intra
886 1677 971 1731 riam
1000 1674 1233 1746 principalem
1262 1674 1390 1742 legatie

353 1773 564 1842 pedaturam]
593 1775 689 1843 ltaque
706 1774 781 1843 apud
799 1773 944 1846 Hyginum
962 1772 991 1825 in
1010 1781 1107 1825 nostro
1124 1769 1200 1824 libro
1218 1782 1329 1836 semper
1345 1783 1390 1822 se·

353 1866 446 1920 cunda
470 1867 539 1920 sede
560 1868 701 1920 iuvenitur
718 1869 772 1933 (23.
789 1869 832 1922 25.
851 1869 894 1923 26.
913 1866 956 1921 22.
975 1868 1017 1920 30.
1037 1866 1081 1919 32.
1099 1864 1140 1919 35.
1159 1865 1201 1918 tt.
1221 1865 1262 1917 li.
1281 1863 1323 1915 to.
1352 1863 1389 1917 ei.

353 1963 433 2031 llyg.
451 1961 487 2014 de
506 1959 578 2015 Lim.
596 1961 691 2014 coust.
712 1976 739 2029 p.
762 1961 839 2022 tat).
874 1962 955 2012 lutra
972 1959 1047 2012 oium
1065 1959 1254 2026 principalem
1270 1961 1326 2025 jam
1346 1957 1391 2010 di·

353 2055 409 2118 cit,
445 2053 511 2121 quia
536 2071 566 2108 se
591 2065 708 2109 stantem
727 2052 834 2119 cogitat
852 2050 886 2105 ad
913 2061 1019 2120 portam
1046 2051 1230 2121 praetoriam,
1266 2052 1340 2105 unde
1359 2051 1389 2104 id

353 2165 466 2216 quoque
485 2149 661 2218 explicatur,
686 2147 761 2213 qood
787 2148 873 2217 paulo
892 2158 955 2216 post
973 2146 1094 2200 tribunis
1112 2162 1250 2200 scamnum
1269 2146 1391 2214 iuferius
1488 2190 1493 2205 t

353 2241 497 2309 adsignari
515 2241 605 2306 dixit,
625 2256 686 2292 cum
705 2241 790 2293 ruodo
807 2242 874 2307 (ta.)
893 2241 996 2306 strigas
1014 2250 1211 2308 praetenturae
1230 2243 1391 2307 superiores

354 2335 530 2388 nominasset.
575 2333 620 2386 lbi
644 2332 775 2385 nimirum
794 2332 823 2384 in
844 2331 890 2384 ria
917 2331 1074 2402 principali·
1093 2342 1210 2387 stantem
1229 2348 1261 2385 se
1282 2331 1391 2400 cogita-

355 2429 412 2484 bat.
449 2429 494 2483 De
511 2429 612 2498 legatia
629 2427 771 2494 legionum
791 2443 816 2482 r.
831 2427 907 2480 Hiet.
924 2435 990 2480 mut.
1008 2428 1095 2493 disq.
1131 2427 1208 2480 llaec
1226 2425 1323 2481 eadem
1339 2444 1392 2496 pe·
1459 2464 1463 2474 1

354 2524 455 2576 datura
481 2521 509 2574 in
536 2521 635 2576 castris
657 2519 826 2590 Polybianis
852 2518 973 2572 tribunis
999 2519 1139 2586 legionum
1167 2520 1329 2590 adsignatur
1352 2523 1391 2588 (ti,

353 2618 423 2677 22),
443 2612 574 2680 quoniam
594 2623 651 2666 tum
672 2613 760 2680 legati
779 2611 901 2665 nondum
920 2625 1008 2667 erant.

425 2707 522 2762 Quod
541 2722 708 2760 scamnum
727 2707 1022 2776 est-appellatum]
1052 2709 1193 2763 attractio
1211 2710 1323 2778 generis
1341 2710 1391 2763 ob-

354 2813 482 2855 servatur
505 2801 542 2852 ab
561 2800 673 2869 Hygino
700 2801 784 2856 etiam
810 2802 886 2856 inira
900 2805 943 2858 49.
990 2804 1137 2858 Scamnum
1156 2804 1204 2869 (cl.
1223 2804 1265 2858 20.
1283 2806 1390 2860 didi.

355 2899 412 2960 38.)
431 2894 571 2961 quomodo
590 2893 707 2949 differat
723 2912 740 2949 a
756 2900 848 2968 stripe
869 2914 906 2950 ax
924 2912 1079 2952 mensorum
1101 2898 1279 2962 defiuitione,
1307 2913 1392 2969 supra

356 3003 395 3061 (p.
415 2994 487 3055 107.)
505 2990 635 3046 vidimus.
680 2991 737 3046 Sed
757 3004 787 3048 ut
804 2991 833 3046 iu
852 2994 957 3061 striga,
985 2994 1080 3048 itane
1099 2995 1128 3046 in
1146 3010 1258 3048 scamno
1277 2993 1391 3062 quidem

356 3085 507 3139 castrensis
526 3100 590 3138 usus
608 3101 671 3139 autu
690 3100 741 3140 usu
759 3087 900 3141 mensorio
918 3088 1048 3143 concinit.
1083 3086 1201 3142 Scamna
1219 3088 1292 3142 enim
1311 3089 1391 3155 lega·

357 3191 447 3234 torum
475 3191 504 3235 et
531 3177 705 3233 tribunorum
730 3190 849 3245 utroque
877 3181 968 3234 latere
985 3185 1038 3236 600
1062 3182 1149 3251 pedes
1174 3183 1258 3250 longa
1275 3184 1341 3248 (32.)
1364 3191 1393 3234 et

357 3271 392 3325 ad
419 3287 551 3323 summum
576 3275 609 3325 70
631 3281 678 3324 aut
700 3272 736 3325 80
762 3271 850 3338 pedes
876 3273 933 3326 lata
956 3285 1029 3329 sont.
1081 3273 1180 3342 ltaque
1205 3275 1285 3327 nullo
1309 3284 1392 3345 pacto

357 3382 467 3422 scamna
492 3366 625 3420 dicuntur
649 3367 702 3420 liae
726 3367 894 3437 pedaturae,
930 3366 997 3435 quia
1023 3342 1142 3421 dimidio
1172 3367 1288 3423 latiores
1310 3383 1392 3435 quarn

322 3507 332 3532 Ι
358 3462 505 3528 longiores
521 3459 586 3515 sint·
630 3460 692 3512 Neo
707 3460 835 3529 proiecto
857 3460 913 3530 ipsi
939 3478 1080 3516 mensores
1098 3462 1168 3516 lranc
1193 3461 1325 3516 rationem
1343 3477 1392 3514 ne-

358 3556 480 3615 cessario
498 3553 685 3622 requirebant.
713 3554 755 3608 Gi.
773 3554 868 3610 Front.
888 3554 925 3608 de
942 3555 1021 3611 Qual.
1040 3556 1108 3624 Agr,
1128 3573 1153 3625 p.
1169 3557 1211 3612 38.
1246 3557 1324 3624 Aper
1340 3570 1392 3624 per

358 3656 466 3723 etripue
483 3659 508 3705 et
530 3669 583 3720 pet·
604 3668 719 3706 scamna
736 3652 843 3706 diuinus
863 3657 890 3705 et
912 3652 1074 3720 oeeipnotue
1096 3666 1176 3703 more
1201 3650 1312 3720 antiquo
1331 3678 1360 3693 -
1383 3686 1391 3702 .

360 3746 499 3816 Quidquid
515 3753 603 3800 autem
621 3749 769 3801 secundum
789 3747 860 3801 lanc
882 3748 1067 3802 conditionem
1084 3746 1113 3799 t'n
1133 3745 1332 3814 longitudinem
1349 3750 1393 3798 asi

358 3841 560 3903 delimitotunt,
589 3856 643 3908 per
662 3841 769 3908 eir-ipae
787 3841 959 3911 appellatur,
990 3839 1121 3911 quidquid
1135 3854 1188 3907 per
1206 3837 1391 3904 altitudinem,

356 3951 409 4004 per
428 3948 550 3986 scamna.
596 3931 653 3986 Sed
671 3948 707 3984 ue
727 3932 811 4000 hujus
835 3932 947 4000 quidem
970 3924 1145 3987 delinitionis
1164 3932 1274 3986 ratione
1296 3929 1393 3984 habite

358 4042 469 4081 scamna
486 4026 638 4092 legatornn
657 4025 888 4093 tribunorumque
903 4025 1056 4096 pedaturae
1072 4024 1292 4094 appellabantur.
1322 4027 1392 4079 llam

358 4119 385 4174 si
404 4119 444 4174 ita
461 4128 550 4184 esset,
583 4132 677 4172 omnes
701 4128 896 4188 praetenturae
921 4118 1072 4189 pedaturae
1089 4134 1201 4173 scamna
1226 4119 1393 4190 appellanda

361 4212 481 4268 luissent
498 4215 594 4279 (atque
612 4213 653 4268 ita
670 4229 737 4267 saue
754 4215 881 4283 appellat
899 4215 1005 4277 Planer
1023 4230 1049 4283 p.
1068 4216 1111 4271 58.
1128 4215 1170 4270 dl.
1189 4215 1257 4280 ld),
1285 4212 1392 4284 quippe
