3492 5242
928 618 1009 742 ror

451 890 516 941 que,
533 873 621 927 latere
646 870 776 943 proxima
798 863 1007 940 adsignavimrs
1030 874 1143 929 cohorti
1169 873 1310 942 equitatae
1334 876 1494 947 quingena·

451 966 511 1019 riae
529 966 577 1033 (cl.
596 964 638 1018 ad⁴
650 967 715 1029 bb).
757 964 791 1018 lu
815 964 898 1020 tertia
915 981 981 1020 area
998 966 1090 1021 latere
1108 965 1212 1024 dextro
1230 966 1373 1040 posuimus
1390 971 1493 1025 cobor-

452 1071 507 1115 tem
526 1059 677 1129 peditatum
695 1057 852 1126 miliariam,
871 1059 918 1113 cui
936 1062 953 1114 4
971 1059 1145 1129 semiarrigia
1163 1061 1291 1116 dedimus
1309 1064 1357 1131 (cl.
1377 1064 1490 1134 0020).

450 1154 551 1207 Latere
572 1153 689 1209 sinistro
712 1153 832 1209 eundem
852 1154 944 1208 baum
970 1153 1101 1210 dedimus
1119 1156 1230 1212 cohorti
1249 1156 1390 1235 equitatae
1409 1159 1493 1225 quin·

450 1248 584 1316 genariae
610 1258 640 1303 et
669 1246 781 1303 cohorti
814 1247 963 1316 perlitatae
993 1240 1212 1317 quingenariae,
1247 1266 1319 1318 quaa
1345 1253 1379 1307 10
1406 1252 1492 1306 aemi-

450 1341 551 1410 strigia
576 1342 678 1412 pedum
702 1344 753 1396 lbd
771 1340 922 1411 requirunt
940 1341 990 1403 (ol.
1009 1342 1044 1396 ad
1062 1344 1106 1398 27.
1124 1345 1190 1409 28.).
1243 1343 1277 1396 lo
1302 1329 1401 1412 quartd
1425 1359 1494 1398 area

450 1447 570 1504 utroque
596 1437 686 1493 latere
712 1438 856 1506 posuimus
876 1451 928 1505 per
953 1423 1075 1506 primum
1099 1435 1301 1504 semistrigiurn
1320 1437 1422 1507 pedum
1440 1440 1493 1493 ⁴8⁰

450 1528 626 1585 dimidiatam
645 1530 788 1585 eohortem
806 1529 957 1597 equitatum
976 1529 1189 1600 quingenariam
1204 1531 1253 1596 (ef.
1271 1530 1307 1584 ad
1325 1533 1391 1595 db).
1419 1532 1494 1586 Bina

449 1624 623 1692 semistrigia
649 1634 769 1692 utroque
798 1623 886 1695 latere
913 1621 1027 1690 reliqua
1054 1622 1202 1677 divisimus
1228 1623 1257 1676 in
1283 1623 1354 1677 duas
1383 1635 1491 1695 partes,

340 1768 343 1776 ,
450 1733 568 1795 quaram
585 1732 649 1782 eae,
679 1733 750 1787 quae
769 1717 841 1772 riam
859 1717 1021 1785 quintanam
1039 1725 1179 1788 spectant,
1207 1718 1257 1772 120
1275 1716 1362 1786 pedes
1379 1718 1492 1787 longae,

450 1813 594 1867 sullieieut
619 1811 756 1865 centuriis
781 1819 915 1865 staturum
939 1808 1047 1864 duabus
1065 1811 1113 1875 (cl.
1133 1811 1199 1876 19.);
1234 1826 1297 1871 eae,
1329 1825 1403 1876 quae
1427 1827 1494 1880 spe-

451 1917 529 1962 ctant
547 1906 620 1960 viam
638 1906 810 1973 sagularem‚
828 1907 881 1960 360
900 1903 988 1972 pedes
1004 1905 1120 1973 longae,
1145 1889 1292 1957 suffioient'
1304 1902 1426 1971 singulis
1445 1920 1493 1960 co·

451 2000 580 2055 hortibus
603 1998 739 2069 peditatis
763 1998 960 2068 quingenariis
978 1999 1025 2063 tel.
1043 1998 1080 2051 ad
1098 1999 1162 2062 00).
1211 2003 1305 2067 Atque
1329 1999 1383 2053 tali
1408 2000 1494 2054 modo

450 2110 545 2148 omnes
563 2094 674 2163 copias,
705 2106 779 2160 quae
796 2091 825 2144 in
851 2103 994 2147 retentura
1015 2091 1145 2153 tendunt,
1174 2090 1233 2146 ruis
1250 2078 1327 2146 locis
1344 2092 1493 2148 constitui·

449 2203 524 2255 mus;
544 2203 613 2256 Aqua
629 2186 658 2239 in
678 2201 709 2239 re
734 2184 760 2239 si
776 2170 925 2240 arbitrium
944 2194 1072 2239 nostrum
1095 2184 1184 2252 magis
1205 2200 1288 2254 wem
1305 2184 1334 2238 in
1352 2184 1495 2240 lateribus

337 2336 341 2343 ,
450 2280 588 2357 praetorii
606 2290 635 2335 et
651 2280 682 2334 iu
698 2290 880 2351 praeteritura
896 2279 985 2335 senati
1004 2293 1113 2348 sumus,
1145 2278 1329 2349 reputandum
1346 2288 1403 2342 eat,
1432 2281 1494 2352 lly-

450 2377 547 2446 ginurn
565 2374 739 2432 accuratiora
756 2374 793 2430 de
809 2375 903 2447 oopiis
925 2374 1135 2431 retendentibus
1155 2373 1243 2429 inissa
1265 2383 1494 2445 praecepturum,

450 2470 506 2525 uisi
524 2486 575 2534 eae
592 2487 631 2525 ex
647 2469 768 2526 arbitrio
785 2478 951 2526 metatorum
968 2467 1103 2525 distribui
1121 2466 1255 2522 solerent.

885 2635 887 2638 ’
939 2633 1008 2689 44·

517 2741 696 2805 Cohortes
719 2751 818 2821 le]
847 2752 977 2820 Utroque
1001 2750 1078 2804 enim
1102 2749 1193 2804 latere
1217 2752 1314 2804 ternae
1339 2747 1493 2803 seeundum

392 2904 395 2907 ,
450 2853 660 2914 praetentura-
672 2845 757 2911 (ab),
775 2854 873 2898 ternae
890 2843 1041 2898 mundam
1052 2841 1150 2906 ¹latera
1168 2828 1304 2912 praetorii
1319 2842 1357 2909 (0.
1371 2841 1413 2909 ri.
1426 2843 1493 2908 32),

449 2938 535 2992 binae
551 2937 705 2992 secundum
723 2948 893 2994 retenturam
907 2940 1033 2996 tendunt.
1165 3005 1167 3011 Ι
1272 2937 1275 2945 ’

516 3031 758 3085 Praetendent
773 3042 806 3086 et
819 3034 1008 3088 retendant
1022 3041 1172 3100 quatuor
1187 3029 1295 3099 milla]
1315 3029 1414 3087 Verba
1427 3030 1491 3096 illa,

446 3129 484 3183 de
502 3126 606 3196 quibus
622 3142 647 3181 v.
660 3127 760 3197 qam.
776 3134 804 3180 et
823 3127 892 3191 164„
910 3128 937 3182 b.'
953 3128 973 3182 l.
989 3126 1027 3180 de
1044 3124 1212 3180 cohortibus·
1224 3123 1392 3194 legionariis
1410 3139 1492 3179 usur-

447 3230 506 3293 pat,
523 3236 596 3288 quae
608 3230 675 3275 ante
687 3228 892 3289 praetenturam
907 3229 1010 3292 etpost
1023 3228 1193 3275 retenturam
1209 3218 1334 3290 tendant,
1364 3220 1491 3276 Quotw

448 3319 531 3373 milio
553 3314 630 3370 dixit
656 3330 709 3383 pro
732 3321 794 3369 aeto
819 3315 957 3383 ooltorten
990 3317 1064 3372 Octo
1086 3313 1162 3369 enirn
1186 3315 1316 3368 cohortes
1338 3328 1431 3382 prope
1453 3313 1491 3368 ad

447 3426 511 3467 euru
531 3423 673 3464 aamemrn
692 3407 852 3472 acoaduot.=
1177 3444 1179 3447 -
1315 3453 1317 3456 ,

518 3504 579 3558 Lx
597 3519 660 3573 per
678 3500 837 3570 cchx]
874 3501 919 3556 cf.
937 3515 1025 3571 supra
1043 3517 1071 3571 p.
1091 3503 1151 3556 ut.
1186 3501 1256 3555 (lum
1282 3498 1402 3554 dimidia
1423 3515 1492 3568 pars

448 3608 603 3653 aestrorum
621 3598 681 3652 lata
696 3598 736 3653 sit
753 3597 842 3667 pedes
855 3576 910 3652 'tto
927 3597 1007 3664 (82),
1026 3595 1167 3664 allicitur,
1192 3604 1223 3650 ut
1241 3576 1342 3650 revera
1358 3595 1492 3650 cohortor

447 3692 623 3762 legionarias
635 3701 700 3746 arte
712 3700 918 3762 praetenturam
930 3691 1077 3747 tendentes
1090 3699 1220 3759 quatuor,
1237 3689 1415 3758 totidemque
1425 3697 1491 3759 poet

430 3798 618 3843 retenturam
640 3786 788 3844 tendentes
804 3788 937 3862 accipere
954 3801 1070 3843 necesse
1087 3787 1126 3842 sit
1143 3784 1270 3857 singalas
1286 3782 1379 3864 signis
1399 3782 1491 3855 pedes

448 3883 509 3938 000.

516 3973 670 4042 Reliqua
693 3982 843 4042 quatuor
866 3974 978 4042 milia]
1013 3974 1087 4030 Tres
1114 3954 1244 4029 cobortes
1265 3972 1393 4045 primae,
1419 3986 1490 4039 qua·

391 4068 393 4074 '
449 4080 508 4120 rum
527 4064 599 4119 duae
615 4064 645 4118 in
663 4065 801 4120 lateribus
817 4067 972 4136 amatorii,
996 4067 1082 4124 tertia
1098 4067 1129 4121 in
1147 4069 1327 4138 pnetentara'
1343 4064 1447 4128 tendit,
1462 4075 1490 4120 et

440 4170 507 4214 tras
530 4158 659 4214 cohortes
680 4159 858 4228 legionariae
878 4160 952 4215 aliae
974 4160 1003 4215 io
1023 4170 1205 4231 pmeteutura
1227 4158 1375 4218 teadames
1390 4164 1430 4231 (3.
1451 4164 1489 4226 i.)

448 4268 591 4308 mineram
610 4254 751 4308 bominum
769 4255 840 4310 tour
856 4254 1003 4323 aliquanto
1021 4265 1162 4327 ruperant.
1347 4268 1349 4272 ’
