3492 5242
610 675 839 774 ¹rau

279 883 357 936 inter
373 895 421 934 cot
438 885 480 934 eat
497 893 564 933 naua
582 893 737 933 armorum.
771 877 892 945 Necesse
915 884 956 931 est
968 868 1069 931 'autem
1094 878 1204 933 tordius
1223 879 1261 932 ud
1277 878 1320 932 oi·

279 975 404 1030 dorium
419 972 583 1044 peruenire,
611 972 659 1041 qui
681 971 860 1039 discrepant,
888 979 1034 1043 antequam
1052 974 1190 1030 dimicent.
1229 976 1319 1030 Deni-

278 1083 333 1138 que
350 1083 413 1120 cum
430 1065 461 1120 ia
478 1063 698 1134 expeditionibus
716 1063 824 1131 prosit,
850 1080 945 1119 omnes
971 1066 1077 1122 milites
1101 1069 1203 1122 unius
1221 1085 1321 1136 paue-

278 1163 377 1234 ceptt'
394 1159 672 1232 aiquifioota‘oue
689 1159 832 1223 conuerti,
861 1176 915 1212 nou
932 1169 1050 1228 potsunt
1074 1153 1228 1233 aequaliter
1239 1169 1321 1235 justu

278 1257 435 1324 complere,
454 1254 503 1325 qui
520 1260 583 1308 uate
599 1253 711 1323 puriter
727 1270 782 1308 uon
799 1255 933 1319 fecerunt.
953 1286 987 1296 —
1017 1257 1098 1312 Quod
1117 1269 1208 1314 autem
1228 1261 1321 1331 Hygi*-

279 1365 335 1404 uus
353 1348 443 1413 dicit,
463 1347 592 1402 nationes
611 1357 744 1401 tesseram
762 1363 811 1400 suo
830 1349 964 1402 uocabulo
983 1350 1129 1406 titutionis
1145 1351 1259 1421 audire,
1277 1356 1323 1408 iu-

279 1442 319 1496 de
335 1449 467 1512 apparet,
499 1440 627 1497 nationes
645 1457 700 1494 non
718 1441 861 1511 accepisse
883 1443 999 1500 eaodem
1021 1452 1153 1498 tesseram
1169 1455 1253 1513 utque
1270 1447 1334 1503 mi-‘

278 1533 349 1612 liter
367 1533 526 1602 Romanos,
558 1547 630 1600 quos
647 1544 781 1588 tesseram
799 1547 903 1591 mutam
922 1536 950 1593 in
970 1536 1065 1592 tabula
1082 1537 1180 1606 lignea
1197 1542 1322 1610 perscri-

279 1637 358 1698 ptam
384 1628 530 1698 accepisse
557 1637 665 1683 constat
691 1629 768 1696 (Pol.
787 1632 876 1710 1,-34.
913 1630 958 1687 (if.
984 1631 1045 1688 Jos.
1069 1631 1104 1684 B.
1121 1632 1185 1687 Jud.
1203 1635 1231 1696 ³,
1248 1636 1278 1701 ὅ,
1293 1639 1321 1691 3.

278 1724 357 1793 Veg.
375 1726 445 1786 19.
476 1726 551 1780 Hiat.
569 1732 637 1780 mut.
656 1727 700 1791 50,
721 1726 852 1791 11-19.).
888 1725 932 1778 Ac
951 1702 1165 1780 consentaneum
1183 1743 1252 1782 sane
1269 1740 1322 1795 est,

278 1819 409 1891 nationes
426 1834 481 1872 non
500 1833 561 1872 esse
579 1818 680 1873 citatas
697 1828 786 1880 muta,
812 1818 863 1873 sed
884 1818 977 1873 vocali
997 1828 1109 1873 tessera.

350 1911 489 1967 Primae
511 1910 661 1979 strigae]
698 1911 796 1982 Striqu
815 1911 841 1973 h,
860 1911 882 1967 Ι.
901 1921 943 1966 est
960 1910 1051 1979 idem,
1084 1911 1160 1979 quod
1185 1930 1254 1968 urea
1272 1914 1321 1978 (ci.

277 2024 310 2077 p.
331 2008 414 2072 101).
449 2006 550 2060 Primo
569 2003 621 2058 illa
638 2018 704 2057 area
721 2013 763 2058 est
783 2005 913 2071 proxima
930 2019 947 2058 a
965 2005 1012 2058 via
1029 2005 1165 2072 regulari.

349 2098 498 2153 Cohorti
517 2094 658 2167 primae]
688 2093 735 2150 Sc.
755 2093 784 2146 in
803 2095 896 2150 latere
914 2097 1052 2173 praetorii
1073 2092 1210 2155 tendenti.

349 2192 396 2248 Ut
419 2193 496 2246 viae
522 2189 722 2245 vicinariae
747 2192 965 2264 percurrant]
1004 2192 1166 2261 Quanquam
1192 2194 1324 2267 Hyginus

278 2284 327 2340 his
344 2285 440 2341 verbis
456 2301 505 2340 eas
530 2293 635 2339 tuntum
652 2283 714 2337 vias
738 2281 906 2348 vicinarias‚
938 2298 1010 2349 quae
1028 2285 1163 2340 lateribus
1187 2288 1324 2357 praetorii

228 2374 231 2378 ’
261 2380 414 2441 ,cohortes
437 2379 543 2451 primas
561 2378 597 2433 ab
622 2377 676 2432 alis
696 2386 842 2444 separant,
861 2377 905 2430 in
925 2388 1068 2433 retentura
1086 2397 1255 2451 percurrere
1279 2383 1324 2437 di-

278 2472 337 2542 cit,
363 2475 427 2541 jure
446 2482 551 2528 nostro·
562 2470 693 2525 statuisse
711 2483 797 2541 supra
815 2467 897 2524 nobis
915 2470 1060 2538 videmur,
1088 2489 1183 2529 omnes
1202 2474 1263 2531 vias
1282 2475 1324 2529 vi.

279 2554 405 2623 cinarias
422 2567 540 2622 interum
567 2562 706 2636 praetorii
724 2564 753 2615 in
772 2572 916 2617 retentura
935 2580 1111 2630 percurrere.
1158 2569 1255 2635 Atque
1271 2567 1325 2623 hoc

278 2662 374 2733 ipsum
392 2676 444 2745 uus
462 2660 492 2715 in
516 2654 724 2715 distribuendis
749 2674 802 2729 per
824 2667 994 2714 retenturam
1013 2662 1107 2733 copiis
1126 2663 1254 2731 dirigere
1272 2666 1324 2720 de·

278 2755 339 2812 bet.
374 2754 441 2814 vite
458 2754 548 2810 ternis
566 2752 713 2808 vicinariis
730 2765 883 2812 noscuntur
907 2766 1027 2824 utroque
1051 2758 1144 2812 tatere
1165 2760 1323 2827 quaestorii

277 2861 546 2919 umquamne,
564 2864 680 2918 quarum
698 2850 818 2919 primae,
835 2850 872 2904 ad
892 2851 965 2906 viam
982 2853 1141 2920 seguiorem
1158 2852 1241 2920 sitae,
1259 2866 1324 2909 sunt

279 2940 386 3016 pedum'
403 2946 439 3000 90
457 2961 510 3016 per
528 2944 595 3010 4811,
629 2943 769 2998 secundae
791 2945 894 3015 pedum
915 2947 967 3002 110
985 2962 1037 3017 per
1054 2948 1119 3013 tto,
1154 2949 1256 3002 tertiae
1274 2966 1344 3019 pes

278 3036 347 3093 dut
367 3038 420 3093 lto
434 3052 487 3108 per
503 3039 568 3104 18⁰,
587 3047 704 3104 quartae
721 3038 873 3108 paduano
891 3057 942 3111 per
959 3043 1016 3098 180.
1047 3042 1081 3094 Iu
1101 3041 1176 3096 areis
1193 3044 1323 3111 proxime

278 3132 353 3187 vien
380 3131 538 3200 augularem
571 3129 637 3185 sitis
671 3131 813 3201 posuimus
841 3133 973 3188 cohortes
1005 3134 1146 3205 peditatus
1172 3135 1322 3193 miliarias.

277 3220 398 3298 Accipit
423 3225 515 3295 igitur
541 3225 643 3280 cohors
669 3227 704 3280 11
731 3226 906 3294 semistrigia
931 3227 1033 3297 pedum
1062 3233 1113 3284 tto
1138 3230 1185 3295 (cf.
1202 3231 1237 3283 ad
1256 3232 1320 3293 18.).

276 3319 361 3377 nun
377 3334 457 3374 areas
474 3329 596 3387 utroque
618 3319 710 3373 latere
732 3328 887 3385 sequentes
908 3317 1057 3374 divisimus
1072 3321 1104 3397 in
1128 3333 1223 3392 partes
1241 3323 1321 3390 duas,

276 3433 397 3487 quarum
414 3415 506 3471 minor
523 3415 558 3469 ad
577 3414 650 3469 viam
667 3414 825 3482 augularem
844 3421 974 3483 spectans
993 3415 1043 3469 110
1060 3414 1147 3485 pedes
1164 3416 1253 3484 longa
1270 3428 1321 3485 est,

276 3515 374 3589 major
388 3511 434 3567 ad
465 3511 537 3565 viam
563 3509 724 3578 quintanam
755 3514 891 3573 spectans
919 3505 1010 3576 pedes
1031 3509 1092 3564 360.
1140 3508 1321 3580 Semistrigia

277 3605 392 3662 ardena
409 3606 509 3676 pedum
529 3606 592 3671 111,
621 3617 693 3672 quae
711 3599 763 3660 nti
782 3600 866 3655 modu
884 3610 1004 3670 utroque
1024 3603 1116 3663 latere
1132 3603 1168 3658 ad
1186 3604 1257 3659 viam
1276 3620 1321 3661 se·

276 3701 407 3771 ςιΙιι-εω
431 3710 601 3760 amantur,
636 3695 763 3751 dedimus
789 3693 959 3750 nationibus.
1009 3695 1151 3752 Numerus
1177 3697 1321 3754 nationum

274 3801 388 3853 'cunm
396 3809 434 3848 ex
450 3792 593 3847 hominum
604 3791 683 3846 331111.
709 3786 746 3843 Ei
760 3785 851 3856 igitur
863 3806 925 3845 curn
937 3790 972 3846 11
984 3789 1156 3860 semiscrigia
1168 3793 1320 3864 accipiant,
1403 3828 1407 3837 x

277 3889 321 3946 ita
337 3887 456 3945 tendent
474 3903 588 3942 necesse
603 3897 659 3953 est,
678 3896 709 3940 ut
725 3884 927 3954 semistrigium
942 3886 1036 3957 capiat
1048 3888 1099 3941 150
1114 3887 1248 3943 homines.
1261 3937 1264 3941 .
1278 3893 1321 3945 Ac

276 3984 422 4055 prodeam
447 3980 548 4049 -atqui
575 3962 642 4044 alii,
678 3987 756 4033 certe
773 3977 913 4033 nationum
932 3979 1034 4050 copiae
1051 3971 1138 4035 artius
1156 3982 1274 4038 tendere
1292 3991 1321 4038 et

275 4076 420 4132 debebant
441 4085 471 4133 at
491 4083 627 4146 poterant.
672 4071 766 4142 Super
783 4070 887 4125 hosed
907 4071 980 4126 viam
999 4074 1156 4144 augularem
1175 4076 1320 4146 posuimus

276 4162 400 4242 utruque
415 4171 508 4226 latere
523 4170 667 4226 eohortem
686 4167 839 4236 equitatum
860 4158 1018 4224 miliariam.
1031 4173 1034 4179 “
1053 4169 1173 4226 Cohorti
1190 4171 1332 4246 dedimus

275 4268 293 4323 ⁵
311 4265 485 4336 semistrigia
503 4265 606 4337 pedum
622 4267 675 4322 360
692 4264 741 4332 (ci.
759 4263 794 4318 ad
812 4265 856 4322 16.
871 4266 935 4332 11).
971 4265 1036 4322 Duo
1052 4265 1225 4334 semistrigia
1241 4275 1319 4320 utro

1071 4405 1110 4470 13
