3492 5242
707 703 712 710 -
820 645 907 723 lou

353 851 479 910 curatius
494 846 692 904 describamus.
724 849 772 904 lix
791 846 991 918 loco-gromae
1009 847 1197 916 intelligitur,
1211 847 1301 901 -duos
1318 846 1388 913 rigo-

353 962 412 1012 ree,
426 978 431 997 .
445 958 517 1012 quoa
534 942 622 997 dictat
637 950 770 1010 metator,
801 943 989 997 esse-lineam
1007 957 1061 1012 per
1076 940 1198 995 mediam
1216 939 1296 994 viem
1316 954 1389 1010 prae·

354 1039 468 1103 teriam,
499 1036 591 1107 ipsum
608 1035 776 1105 praetorium
793 1037 1042 1106 quaestoriumque
1059 1042 1292 1106 percurrentem,
1320 1033 1389 1089 etitl

352 1133 428 1187 latus
454 1129 517 1184 vine
543 1127 727 1199 principalis,
760 1127 835 1195 quod
863 1128 1017 1197 praetorii,
1039 1128 1199 1194 comitum,
1235 1127 1389 1183 cohortium

271 1293 273 1297 Ι
353 1221 563 1295 praetoriarum,
580 1219 683 1287 reliqui
700 1219 812 1274 numeri
825 1219 945 1273 frontem
959 1218 1057 1287 elficit,
1076 1230 1104 1275 et
1118 1221 1147 1273 in
1166 1218 1326 1276 inferiores
1336 1235 1391 1274 car·

354 1313 436 1369 dines
467 1325 609 1386 porterum
640 1310 840 1383 principalium
874 1311 1005 1368 dextrae
1020 1322 1050 1367 et
1074 1313 1222 1368 sinistrae·
1241 1304 1389 1384 percurrit.

353 1408 574 1475 Haudquaquam
590 1405 672 1461 enim
696 1419 810 1459 necesse
827 1414 871 1459 eat
889 1405 940 1458 has
963 1414 1057 1477 portas
1078 1406 1117 1460 ita
1141 1407 1331 1473 constituere,
1364 1413 1392 1458 ut

353 1517 407 1557 eae.
421 1500 531 1554 mediae
548 1500 602 1559 boc
619 1499 717 1567 rigore
734 1508 878 1563 secentur,
903 1499 933 1552 id
952 1499 1029 1566 quod
1047 1482 1185 1568 flagitavit
1202 1501 1320 1556 Klenae
1335 1502 1389 1557 111.

305 1602 311 1618 ’
353 1593 492 1663 lmoboc
511 1592 576 1646 lieri
604 1593 734 1662 nequisse
749 1607 794 1649 ,ex
823 1589 933 1646 ratione
955 1593 1110 1647 cohortium
1124 1594 1169 1648 ad
1198 1595 1309 1649 uallum
1336 1605 1391 1651 ten·

301 1691 304 1696 '
322 1674 327 1682 ¹
355 1687 480 1745 dantium
498 1696 628 1758 apparet,
648 1702 765 1754 quarum
784 1695 881 1740 ternae
899 1697 1017 1755 utraque
1035 1699 1114 1760 parte
1131 1698 1220 1744 totam
1238 1688 1392 1757 longitudi-

356 1797 418 1835 nem
435 1781 553 1837 laterum
571 1781 708 1851 praetorii
725 1782 855 1852 explent3
874 1792 905 1836 ut
920 1798 975 1836 non
990 1782 1028 1836 sit
1045 1782 1206 1852 probabile,
1224 1793 1325 1854 portas
1341 1798 1391 1836 non

355 1872 535 1942 respondisse
551 1873 758 1928 accuratissime
783 1873 839 1941 ipsi
865 1873 928 1928 viae
951 1874 1115 1944 principali.
1165 1875 1251 1930 Alter
1272 1879 1392 1944 rigorum

356 1967 470 2028 illorum
487 1977 547 2022 erat
563 1966 650 2020 cardo
668 1965 818 2031 maximus,
837 1965 911 2020 alter
929 1965 1105 2025 decumanus.
1140 1973 1236 2036 Atque
1253 1969 1393 2023 cardinem

357 2059 507 2114 maximum
529 2059 616 2116 fuisse
637 2062 709 2115 viam
733 2059 919 2130 principalem
938 2063 1098 2117 0.*llliiller
1121 2063 1269 2119 contendit
1284 2065 1393 2132 (litm-

357 2155 420 2216 ier,
432 2158 471 2220 ,3,
489 2157 604 2223 6,.10.),
639 2157 706 2223 quia
725 2166 806 2227 porta
824 2157 976 2214 decumana
993 2175 1010 2212 a
1028 2160 1184 2212 decumano
1202 2158 1331 2212 maximo
1346 2173 1393 2228 ap-

358 2247 462 2317 pellata
478 2249 515 2303 ait
533 2248 589 2316 (Gi.
606 2247 748 2304 stewech.
766 2250 802 2304 ad
821 2250 894 2319 Veg.
914 2254 1019 2317 1,13.).
1054 2251 1133 2307 Quae
1150 2251 1330 2322 etymologia
1344 2250 1394 2306 atsi

358 2338 414 2397 n'on
432 2358 550 2412 prorsus
564 2352 641 2398 certa
658 2352 700 2398 est
710 2344 758 2410 (cf.
771 2343 867 2409 inira),
886 2343 1011 2400 dubitari
1026 2353 1184 2398 tamennon
1199 2354 1308 2414 potest,
1330 2342 1395 2411 quin

358 2435 528 2491 decumanus
546 2437 576 2490 in
595 2446 701 2506 portam
724 2435 905 2490 decumanam
928 2434 1091 2490 incurrerit.
1138 2436 1307 2504 Quanquam
1326 2437 1396 2492 enim

359 2529 396 2587 ab
414 2529 497 2585 initio
513 2532 641 2585 dextrum
664 2531 863 2602 sinistrumque
886 2530 1059 2601 appeliatum
1077 2546 1151 2598 esse,
1178 2531 1256 2599 quod
1275 2531 1396 2587 mensori

358 2622 504 2677 cardinem
521 2621 638 2680 dictanti
658 2622 759 2692 dextra
776 2625 914 2692 laevaque
932 2638 1012 2678 manu
1032 2622 1085 2679 luit
1101 2624 1199 2688 (verr.
1217 2625 1255 2680 Ι..
1272 2625 1310 2680 1..
1329 2629 1355 2692 ⁷,
1373 2629 1396 2680 1.

359 2714 433 2785 apud
457 2715 534 2772 Fest.
551 2732 574 2771 s.
595 2731 620 2771 v.
645 2716 781 2773 sinistrae
806 2732 872 2771 anea
897 2732 924 2784 p.
943 2720 1004 2773 339.
1034 2702 1136 2772 Festus
1158 2734 1181 2773 s.
1207 2733 1235 2770 v.
1257 2719 1397 2787 poeticam

360 2827 389 2882 p.
407 2810 465 2866 22⁰.
486 2810 521 2864 0.
539 2810 659 2877 Miller,
686 2812 837 2877 Etruriar,
858 2812 885 2872 3,
903 2813 930 2872 6,
948 2814 973 2864 1.
993 2827 1019 2881 p.
1040 2813 1108 2878 126.)
1115 2850 1124 2878 ,
1151 2826 1206 2864 uon
1224 2813 1397 2881 negaverim,

361 2912 453 2959 nmen
467 2902 513 2956 rel
526 2902 720 2970 antiquissimo
736 2913 862 2971 tempore
880 2900 909 2954 in
928 2901 1144 2972 inauguratione
1159 2907 1335 2960 contrarium
1350 2906 1397 2961 ob-

361 3007 501 3053 servatum
527 3012 603 3062 esse,
637 3008 670 3052 ut
694 2996 826 3051 dextrum
852 2997 1050 3067 sinistrumque
1075 2998 1267 3055 nominaretur
1292 2999 1398 3055 ratione

361 3089 458 3145 habita
473 3089 635 3157 decumani,
653 3089 716 3159 ipse
735 3090 843 3144 Miller
860 3091 991 3147 concedit
1008 3094 1039 3160 (1.
1057 3110 1080 3148 c.
1099 3111 1125 3163 p.
1136 3094 1196 3151 118.
1214 3093 1281 3149 Lir.
1296 3097 1397 3159 1,18.).

362 3185 420 3242 Sed
436 3185 485 3241 hic
504 3201 570 3241 usus
587 3195 683 3257 postea
702 3201 757 3239 nou
774 3187 830 3252 jam
849 3198 911 3242 erat
927 3198 1008 3244 extra
1025 3187 1164 3254 ordinem,
1197 3187 1250 3242 sed
1268 3188 1396 3245 usitatus.

362 3280 406 3337 (li.
425 3279 500 3351 llyg.
520 3280 557 3334 de
574 3281 648 3336 Lim.
667 3280 763 3339 const.
781 3284 840 3338 150.
866 3284 949 3337 Auct.
968 3283 1026 3337 Ine.
1045 3285 1106 3338 215.
1131 3282 1206 3338 Fest·
1223 3296 1249 3339 s.
1267 3300 1294 3337 v.
1310 3284 1398 3354 poeti·

276 3352 283 3369 ’
362 3391 431 3431 cum.
476 3375 603 3429 Eundem
622 3374 651 3429 in
669 3377 770 3431 castris
790 3393 904 3444 quoque
923 3392 1034 3446 semper
1056 3377 1231 3431 obseruatum
1250 3390 1315 3433 essa
1331 3393 1398 3433 eor·

364 3467 441 3523 cedit
453 3468 561 3525 Miller
578 3469 609 3535 (l.
628 3485 651 3522 c.
670 3471 751 3531 usu).
790 3468 879 3538 Atqui
897 3468 926 3522 in
945 3469 1044 3525 castris
1062 3473 1188 3526 dextrum
1204 3481 1234 3527 et
1251 3473 1400 3528 siniam

362 3578 472 3634 semper
491 3563 598 3618 dicitur
620 3563 728 3618 ratione
752 3562 849 3618 babita
873 3566 935 3620 viae
962 3564 1133 3635 praetoriae,
1164 3563 1240 3618 unde
1262 3565 1414 3634 aequitum·

363 3656 434 3711 banc
452 3672 514 3711 esse
532 3656 714 3710 decumanum
733 3655 892 3711 maximnm.
944 3658 1095 3714 Quaeritur
1118 3667 1226 3723 autem,
1259 3668 1355 3714 utrum
1370 3658 1400 3713 in

364 3751 543 3807 decumanam
566 3760 676 3818 portam
693 3765 728 3803 an
748 3750 778 3804 in
801 3751 970 3821 praetoriam
990 3752 1161 3822 gromaticus
1178 3751 1268 3806 visum
1286 3752 1401 3808 direxe-

364 3843 403 3901 rit
419 3862 459 3899 ex
475 3859 587 3911 gromae
603 3842 677 3896 loco.
707 3845 800 3899 unde
816 3846 892 3901 euim
910 3847 1026 3918 pendet,
1060 3858 1151 3902 utrum
1168 3847 1242 3902 latus
1259 3845 1401 3911 dextrum,

365 3948 456 3992 utrum
473 3936 511 3992 sit
527 3936 682 3993 sinistrum.
726 3937 904 3994 Decumanos
920 3941 958 3995 ab
975 3941 1084 3996 oriente
1101 3939 1131 3993 in
1154 3938 1333 3994 occidentem
1351 3939 1402 3993 da·

365 4046 425 4090 etos
442 4049 504 4089 csse
522 4043 629 4089 constat
643 4035 731 4105 (Hyp.
749 4034 786 4089 de
803 4033 877 4089 Lim.
889 4033 983 4088 Consi.
1002 4036 1061 4089 150.
1079 4034 1138 4087 154.
1162 4031 1244 4088 unct
1262 4033 1323 4088 Ino.
1342 4036 1402 4090 ili.

366 4130 438 4196 agg.
455 4126 527 4184 Urb.
544 4129 588 4184 46.
615 4128 715 4182 Festus
731 4142 756 4183 s.
773 4128 977 4182 udccimottua
993 4143 1023 4196 p.
1040 4130 1083 4183 71.
1118 4126 1284 4194 Quanquam
1300 4129 1334 4181 in
1351 4127 1403 4181 bac

366 4236 538 4290 quoque-re,
562 4221 720 4276 nominibus
736 4221 862 4277 cardinis
878 4231 906 4276 et
922 4220 1067 4276 decumani
1086 4219 1267 4290 permutatis,
1290 4221 1403 4279 ditem
