3492 5242
759 607 815 684 47

242 900 246 908 s
351 811 440 880 lllud
465 764 597 901 quoquc
626 811 845 898 fragmentum
878 809 1042 898 agrarium
1069 796 1111 877 de
1145 811 1305 882 limitibus

265 921 386 1002 (Goes.
415 919 628 1004 215-219),
670 919 759 1008 quod
785 920 945 986 Frontino
971 919 1071 1009 vulgo
1096 920 1304 1008 adscribitar3

265 1053 453 1120 quanquam
479 1032 561 1096 haec
588 1052 642 1096 res
664 1029 913 1119 haudquaquam
933 1036 1022 1096 certa
1043 1039 1094 1094 est
1109 1033 1170 1114 ⁴⁶),
1201 1055 1305 1121 acque

266 1139 365 1205 l'acile
387 1162 428 1203 ex
448 1138 534 1203 libro
557 1123 596 1204 de
622 1137 784 1203 limitibus
808 1137 1047 1216 constituendis
1069 1137 1213 1204 describi
1233 1149 1305 1228 pot·
1427 1204 1430 1211 ,

267 1247 338 1332 uit,
360 1257 457 1336 atque
478 1249 579 1332 hujus
601 1245 668 1312 loci
690 1269 732 1311 ex
750 1246 934 1334 fingmento
956 1245 1015 1310 illo
1031 1250 1088 1326 ⁴⁷).
1131 1244 1230 1329 Quod
1251 1272 1306 1313 au·

266 1366 333 1426 tem
356 1357 398 1422 ad
420 1379 549 1423 errores
570 1356 704 1439 attinet,
732 1379 816 1444 quos
837 1356 1068 1420 Lachmannus
1089 1353 1170 1419 dicit
1198 1367 1306 1422 aucto·
1401 1401 1405 1415 .

267 1489 337 1530 rem
354 1456 406 1531 ¹de
434 1464 594 1532 limitibus
617 1462 856 1530 constituendis
883 1461 1048 1527 incuriose
1078 1462 1304 1552 descripsisse,

268 1575 310 1640 de
331 1575 385 1640 his
396 1574 527 1665 quidem
550 1577 656 1641 fateor
676 1598 728 1638 me
747 1597 836 1638 nunc
858 1573 1042 1638 accuratius
1058 1596 1216 1662 quaerere
1237 1596 1305 1638 nan
1342 1560 1348 1564 ’

266 1708 377 1772 posse.
423 1684 508 1751 Utor
529 1683 616 1748 enim
639 1692 728 1747 textu
750 1679 928 1764 Goesiano,
951 1681 1097 1770 quaestio
1119 1692 1226 1747 autem
1247 1681 1306 1747 illa

266 1817 308 1858 ex
329 1793 412 1882 ipsis
435 1792 606 1858 codicibus
625 1779 835 1877 dijudicanda
856 1801 918 1854 est.
975 1788 1042 1854 Sed
1074 1799 1111 1855 ut
1138 1790 1242 1855 insint
1269 1790 1305 1856 in

265 1913 407 1992 utroque
438 1901 542 1966 eidem
571 1897 736 1965 scribendi
762 1919 908 1980 errores,
943 1920 1058 1962 rursus
1085 1898 1306 1987 quaerendum

265 2021 338 2094 est,
374 2020 447 2073 uter
468 2019 575 2073 utrum
596 2006 759 2097 expilarit.
805 2005 843 2071 Si
874 2016 981 2072 autem
1011 2031 1123 2074 revera
1143 2009 1305 2097 fragmen·

265 2127 335 2182 tum
361 2115 446 2181 illud
474 2116 515 2180 de
541 2115 701 2182 limitibus
728 2114 928 2181 aFrontino
959 2117 1142 2204 proiectum
1170 2127 1240 2202 est,
1275 2118 1305 2182 si

266 2247 377 2292 revera
406 2236 520 2295 auctor
547 2226 587 2291 de
603 2225 779 2292 limitibus
808 2223 1046 2291 constituendis
1073 2224 1108 2290 id
1137 2226 1303 2316 expilarit,
1324 2237 1338 2251 '

264 2336 344 2402 hinc
370 2345 479 2401 umen
508 2357 575 2399 non
597 2334 765 2424 sequitur,
793 2340 958 2398 auctorem
982 2332 1022 2397 de
1046 2332 1206 2434 limitibus
1228 2357 1304 2400 con-

262 2591 348 2675 posse
365 2604 422 2659 nisi
442 2603 605 2667 terminum,
628 2610 691 2671 post
708 2617 790 2668 quem
807 2603 884 2658 liber
901 2606 954 2661 ille
972 2595 1095 2679 scriptus
1112 2609 1163 2679 sit3
1187 2626 1241 2665 nec
1257 2611 1303 2681 ig·

263 2699 393 2753 notando
420 2699 599 2767 despexisset
624 2706 800 2764 arguments,
819 2699 923 2766 quibus
942 2701 1029 2756 Gees.
1049 2707 1117 2767 (not.
1143 2721 1170 2773 p.
1189 2707 1251 2771 147)
1275 2713 1304 2760 et

262 2795 367 2848 Blume
385 2794 430 2862 (6,
449 2796 521 2859 1176.)
557 2795 705 2860 Aggeaum
723 2789 915 2848 Christianum
932 2795 1020 2851 tuisse
1036 2805 1066 2850 et
1082 2798 1234 2867 postremis
1251 2799 1303 2853 im·

263 2888 471 2960 perilRomsui
491 2885 666 2956 temporibus
682 2887 790 2943 vixisse
807 2889 1073 2947 demonstraverunt.
1108 2892 1171 2948 Qua
1188 2891 1303 2948 omnino

261 2983 382 3039 levitate
397 2984 478 3038 Zeiss
493 2982 679 3050 judicaverit,
699 2984 871 3055 perspicitur
891 2987 970 3055 iude,
987 2988 1064 3055 quod
1083 3003 1118 3045 ne
1139 2987 1220 3052 illum
1238 2988 1302 3056 qui·

262 3077 329 3135 dem
345 3077 439 3137 locum
457 3080 545 3146 novit,
565 3081 614 3134 ubi
629 3082 766 3147 Aggenus
784 3083 929 3152 Hyginum
948 3082 1053 3153 laudet,
1063 3101 1091 3153 p·
1103 3085 1146 3138 46.
1157 3082 1210 3150 G„
1227 3083 1302 3138 unde

261 3172 423 3228 clarissime
450 3175 557 3241 elucet,
591 3177 735 3248 Hyginum
762 3195 816 3232 nou
848 3179 977 3250 potuisse
1000 3193 1062 3232 esse
1089 3178 1301 3245 compilatorem

260 3262 389 3337 Ag'geni.
424 3268 549 3324 Siculum
566 3271 698 3326 Flaccum
723 3283 799 3326 recte
816 3270 930 3339 Trajani
955 3270 1075 3339 tempori
1092 3269 1239 3336 assignare
1257 3270 1301 3322 vi·
1370 3254 1393 3273 '⁸

260 3363 349 3418 detur
367 3363 508 3431 Niebuhr,
526 3368 607 3420 Rem.
622 3369 733 3428 Geseh„
752 3371 778 3428 2,
796 3368 848 3422 316
866 3365 924 3433 (ed.
943 3369 981 3429 1.)
998 3381 1047 3420 aut
1065 3366 1091 3431 2,
1110 3366 1161 3419 172
1179 3362 1238 3431 (ed.
1252 3364 1300 3432 2.).

261 3457 326 3515 Pro
342 3455 488 3523 imitatore
505 3458 616 3530 Hygini
633 3476 697 3514 enm
715 3459 800 3513 babet
817 3458 919 3514 Blane
937 3462 965 3526 2,
984 3462 1048 3528 141,
1064 3460 1103 3527 6).

258 3574 261 3585 ⁴
332 3552 378 3613 tt)
415 3552 448 3605 ln
466 3552 531 3611 cod.
549 3555 617 3611 Arc.
635 3555 701 3618 (sol.
720 3557 887 3624 tta-tro)
905 3555 984 3610 Julio
1001 3554 1139 3609 Frontoni
1155 3552 1301 3616 tribuitur,

260 3643 315 3699 sed
336 3654 379 3699 est
399 3644 475 3699 liber
500 3647 541 3700 ibi
565 3650 775 3719 anepigraphus
801 3660 829 3706 et
852 3650 1097 3719 acephalus-teste
1115 3647 1230 3702 Eberto.
1265 3646 1300 3701 In

259 3735 322 3791 elio
346 3737 466 3803 quodam
489 3739 590 3794 codice
614 3741 731 3812 Hygino
757 3743 909 3811 tribuitur,
946 3752 972 3798 v.
995 3743 1080 3797 noes.
1107 3750 1164 3797 not
1189 3757 1218 3811 p.
1238 3743 1297 3797 166.

259 3829 406 3894 Frontino¹
427 3832 591 3889 adscribunt
620 3845 733 3904 praeter
756 3837 966 3891 Lachmannuru
992 3836 1077 3891 Zeiss
1102 3853 1132 3906 p.
1154 3837 1215 3892 879.
1236 3836 1298 3892 883.

261 3924 410 3986 Dedcricb
434 3926 463 3980 iu
491 3929 633 3985 Zeitachr.
658 3934 681 3999 f.
704 3933 732 3991 d.
760 3932 882 3988 Altertlt.
909 3933 986 3988 1839.
1011 3947 1040 4002 p.
1057 3932 1119 3986 842.
1159 3929 1299 3997 Niebuhr,
1359 3981 1364 3993 ,

261 4022 343 4077 uam.
365 4021 475 4088 Gracia,
493 4024 523 4084 2,
541 4025 603 4079 642.

285 4184 291 4190 ἡ
320 4107 377 4182 ’47)
411 4113 489 4168 uuae
513 4133 541 4185 p.
567 4119 628 4175 216.
651 4121 712 4174 216.
734 4120 784 4175 211
804 4119 865 4175 init.
890 4119 1036 4187 leguntur,
1062 4117 1212 4172 concinunt
1236 4130 1299 4169 cum

260 4203 338 4263 locis
356 4207 513 4278 Hygiuiani
532 4209 601 4265 libri
620 4229 647 4283 p.
659 4215 717 4268 1611
730 4215 788 4269 163.
804 4213 935 4268 166161.
951 4212 1007 4267 164.
1026 4213 1085 4267 161.
1099 4211 1297 4267 164166166.
