3492 5242
927 678 1008 754 luo

484 932 487 940 1
746 905 749 923 ¹
822 908 824 912 ’
891 895 894 899 ’
932 881 1000 934 2⁸0
1146 922 1148 932 .

444 1006 446 1013 ι
513 972 613 1040 Quot]
648 973 693 1027 lta
717 971 846 1027 correxit
869 974 926 1040 jan
952 982 1017 1026 ante
1036 971 1182 1028 Scholion
1200 975 1290 1044 Rutg.
1307 978 1326 1033 Ι.
1344 997 1370 1034 e.
1394 998 1423 1050 p.
1440 984 1483 1036 50.

444 1066 614 1136 Garraptela
631 1066 682 1120 illa
700 1065 731 1120 ia
747 1065 824 1119 libro
841 1063 952 1135 Hygini
969 1065 1196 1132 frequentissima
1214 1079 1265 1126 est.

509 1160 569 1215 Fit
593 1175 751 1213 numerus
770 1187 801 1200 -
820 1157 926 1214 vllll
949 1156 1058 1226 milit]
1092 1157 1196 1214 Schele
1221 1177 1367 1218 nunaut!
1392 1168 1488 1225 Vlm

440 1257 524 1310 milia
540 1252 667 1323 spurinna
682 1252 841 1321 judicabat,
875 1250 942 1317 qnia
960 1259 1057 1318 postea
1075 1253 1141 1316 (30.)
1163 1265 1330 1321 sequeretur
1353 1273 1486 1314 numerus

396 1387 401 1396 .
439 1349 502 1404 1111
520 1347 609 1414 milit,
626 1356 656 1401 et
672 1362 764 1401 sarno
782 1354 855 1399 esset
873 1343 911 1397 de
928 1331 994 1398 octd
1011 1344 1201 1415 semistrigiis.
1239 1349 1403 1407 Postulabat
1421 1353 1486 1406 1111

439 1444 528 1498 milia.
573 1442 631 1499 Sed
649 1457 699 1496 eae
716 1441 839 1496 rationes
849 1431 944 1496 'taleae
962 1451 1044 1508 suast
1070 1456 1122 1495 nec
1140 1457 1189 1496 eas
1207 1445 1374 1513 protulisset
1392 1446 1486 1501 Sche-

436 1535 485 1601 15,
517 1535 542 1590 si
563 1546 652 1592 toturn
673 1535 872 1592 sententiarum
896 1538 980 1605 liujus
997 1546 1026 1593 et
1048 1538 1224 1606 sequentium
1243 1541 1484 1614 paragraphosam

430 1647 541 1685 nexunt
559 1630 761 1684 intellexisset.
787 1629 923 1701 Hyginus
938 1630 1012 1684 eain
1032 1643 1177 1708 ppstqnatu
1191 1643 1286 1687 nostra
1304 1634 1484 1705 paragrapho

438 1741 583 1779 numerata
608 1725 644 1779 ad
672 1726 815 1780 homiuum
839 1729 857 1781 0
881 1726 959 1780 milia
984 1725 1169 1798 computavit,
1206 1741 1266 1798 par,
1283 1729 1325 1782 36·
1350 1741 1405 1785 nan
1430 1738 1483 1797 tot,

418 1884 420 1889 ¹
439 1821 490 1876 sed
509 1823 527 1876 8
544 1818 624 1873 milia
640 1819 801 1882 constituit,
823 1820 893 1886 qaia
910 1819 959 1873 hio
977 1822 1107 1873 numerus
1124 1819 1237 1874 facilior
1254 1821 1288 1874 ad
1308 1821 1483 1877 distribuen-

439 1915 505 1968 dum
520 1923 595 1982 erat3
615 1925 671 1968 tura
683 1917 726 1969 30.
745 1913 827 1976 dicit,
846 1912 916 1980 quid
932 1911 1092 1966 laciendum
1107 1912 1154 1975 sit,
1172 1913 1290 1970 sirtille
1305 1916 1433 1972 homines
1446 1917 1483 1970 td

439 2018 505 2063 octo
520 2008 601 2061 milia
614 2007 763 2073 accedantq
781 2009 826 2062 30.
837 2004 962 2072 denique
978 2004 1108 2059 deductis
1121 2005 1200 2061 mille
1215 2008 1377 2063 horninibus
1387 2023 1485 2066 nume·

438 2120 501 2168 nnn
518 2103 653 2158 unllinn
671 2103 814 2156 hominurn
831 2101 986 2157 constituit.
1017 2101 1063 2166 Ab
1082 2103 1135 2154 hac
1148 2100 1238 2168 igitur
1256 2114 1337 2172 parte
1351 2116 1484 2160 numerus

442 2201 536 2257 le
552 2200 634 2253 milia
651 2208 725 2252 tutus
738 2208 794 2252 est.
826 2196 1012 2264 Eandemque
1030 2197 1241 2265 consequimur,
1259 2198 1284 2252 si
1303 2212 1433 2254 anteros
1451 2200 1483 2254 in

438 2303 618 2367 praetentnra
630 2290 776 2344 tendentes
790 2305 842 2360 par
852 2288 984 2358 singulas
993 2289 1107 2360 species
1119 2301 1318 2370 computamus.
1346 2292 1483 2348 Praeten-

437 2387 510 2442 dant
527 2386 601 2441 enirn
618 2403 656 2440 ex
674 2385 800 2440 numeris
818 2402 887 2455 par··
899 2389 942 2441 30.
965 2385 1150 2456 perscriptis:
1187 2387 1290 2441 cohors
1309 2389 1398 2458 priuis
1418 2404 1483 2443 cunt

287 2458 326 2515 ³·
438 2480 600 2537 vexillariis
617 2482 670 2535 500
683 2482 719 2543 (0.
738 2483 763 2534 4.
780 2481 836 2545 5.),
853 2476 985 2540 'cohortes
1002 2488 1060 2532 tres
1077 2478 1255 2546 legionariae
1266 2483 1303 2548 (0.
1321 2483 1347 2538 4.
1364 2483 1401 2535 ol.
1414 2483 1482 2549 ll),

439 2575 533 2631 Mauri
549 2573 664 2641 equites
676 2559 729 2627 dull
740 2572 816 2637 (00),
834 2569 978 2624 Pannonii
992 2569 1132 2625 veredarii
1147 2570 1200 2627 800
1207 2574 1285 2640 (ld),
1302 2575 1414 2630 classici
1423 2576 1483 2631 lli-

438 2679 551 2724 senates
563 2670 618 2722 500
625 2667 700 2733 (04),
718 2665 896 2717 Ravennates
908 2664 961 2718 800
970 2663 1045 2729 (04),
1064 2663 1263 2732 exploratores
1274 2669 1326 2721 000
1334 2669 1407 2733 (01.1.
1434 2669 1483 2723 Ex

438 2765 493 2817 hoc
509 2777 625 2817 numero
643 2752 775 2813 cohortes
794 2756 969 2824 legionariae
982 2772 1045 2809 cum
1060 2750 1221 2815 vexillariis¹
1237 2771 1430 2830 computantur
1446 2762 1483 2814 ad

438 2857 568 2912 homiues
585 2858 654 2910 0600
666 2853 714 2920 (ct.
733 2869 761 2921 p.
772 2853 832 2905 lul.
854 2852 936 2915 108.)
971 2847 1017 2901 Ex
1036 2863 1069 2901 ea
1086 2850 1208 2916 ratione,
1228 2854 1381 2908 secundum
1399 2871 1482 2922 quam

361 2970 365 2974 ·
399 2982 401 2984 ·
437 2952 550 3020 equites
566 2952 583 3003 0
601 2948 637 3002 ad
654 2946 765 3016 pedites
782 2946 799 2998 5
818 2941 986 3009 rediguntur
1003 2942 1058 3006 (05.
1075 2944 1158 3009 ts),
1175 2954 1370 3016 computantur
1387 2946 1481 3002 Mauri

438 3045 550 3112 equites
567 3045 619 3097 600
636 3041 671 3093 ad
691 3039 821 3093 homines
840 3040 921 3119 1500,
947 3036 1089 3091 Pannonii
1108 3038 1250 3093 veredarii
1267 3043 1319 3096 800
1336 3039 1482 3103 nunoni-

436 3153 504 3192 aant
515 3138 600 3200 000ος
621 3133 668 3188 his
684 3134 710 3188 si
728 3131 810 3185 addis
824 3132 953 3199 reliquos
969 3147 1108 3200 numeros,
1127 3133 1252 3192 efficitur
1267 3148 1373 3195 summu
1390 3135 1482 3193 lomi·

423 3216 600 3286 55510000.
636 3228 693 3301 Qui
712 3228 813 3282 desunt
831 3230 883 3283 400
901 3227 936 3282 ad
956 3229 1153 3299 complendum
1170 3245 1313 3287 numum
1331 3232 1415 3299 0000,
1445 3231 1481 3287 ed
1525 3284 1529 3290 ,

431 3345 489 3396 ¹eas
507 3322 745 3380 valetudinarium
763 3334 794 3377 et
808 3323 1013 3379 veterinarium
1031 3333 1061 3378 et
1082 3323 1192 3379 fabrita
1208 3324 1241 3378 ia
1262 3336 1347 3382 anun
1364 3340 1481 3395 eompu-

437 3433 545 3486 untur,
565 3429 742 3489 quaprapter
760 3434 814 3487 pro
831 3429 967 3486 corrupta
979 3417 1047 3483 ΒΟ,
1066 3416 1141 3484 quod
1161 3417 1190 3472 iu
1209 3418 1312 3475 aad'A
1327 3429 1388 3485 est,
1405 3419 1481 3475 scri·

435 3517 560 3572 bendum
579 3517 675 3582 utique
694 3513 748 3568 cl)
767 3514 815 3577 (el.
832 3529 919 3582 supra
938 3530 964 3582 p.
984 3514 1064 3581 107).
1100 3513 1205 3568 Schele
1222 3512 1253 3566 in
1271 3512 1481 3584 computatione

436 3611 535 3668 effecit
550 3609 694 3663 hominum
712 3622 856 3663 numerum
870 3609 949 3674 7400,
970 3606 999 3660 id
1019 3607 1095 3675 quod
1109 3625 1143 3662 ea
1159 3624 1256 3663 errore
1272 3607 1384 3677 aititur,
1402 3611 1480 3678 quod

273 3697 276 3717 ⁸
352 3716 354 3718 ’
437 3706 600 3764 Pannonios
617 3720 671 3774 pro
689 3701 836 3772 peditibus
852 3700 961 3755 habuit
1005 3701 1180 3758 Retraotavit
1195 3701 1309 3771 qnidam
1325 3704 1401 3781 hano
1415 3718 1480 3758 sen-

438 3801 554 3858 tentiata
578 3799 608 3853 ia
629 3797 777 3852 Addendis
804 3815 834 3867 p.
852 3798 930 3863 005.;
962 3795 1012 3850 sed
1032 3812 1135 3852 novum
1153 3796 1194 3851 ibi
1220 3812 1345 3853 errorem
1363 3799 1480 3855 manni-

437 3896 487 3962 sit,
506 3912 569 3948 cum
587 3893 678 3958 dixit,
696 3891 854 3948 Pannoniis
871 3892 988 3961 duplarn
1007 3890 1168 3960 pedaturam
1186 3891 1307 3947 dandam
1324 3908 1397 3960 esse,
1415 3893 1479 3962 qui,

437 4001 471 4045 ut
493 3987 619 4056 equites,
650 3987 764 4059 duplam
781 3999 811 4044 et
826 3988 975 4043 dimidiam
1002 3988 1163 4056 pedaturam
1176 3988 1335 4062 'accipiunt
1377 3990 1480 4060 ltaque

434 4080 495 4138 alio
519 4097 616 4136 errore
642 4080 671 4134 in
691 4081 777 4136 alium
800 4097 926 4136 errorem
953 4080 1106 4150 perductus
1132 4099 1276 4138 numerum
1295 4085 1396 4141 DCCC
1417 4102 1479 4157 par.

436 4179 479 4233 00.
498 4176 529 4231 in
545 4162 641 4230 'CCCC
659 4177 761 4248 mutari
775 4177 872 4244 jussit.
919 4181 1014 4245 Atque
1031 4178 1102 4231 haec
1120 4178 1213 4232 onnia
1230 4179 1345 4234 niolitus
1363 4189 1421 4248 est,
1449 4192 1481 4236 tt

437 4271 564 4325 scribere
590 4279 684 4338 posset
707 4282 806 4325 nostro
830 4271 904 4328 loca¹
915 4271 990 4326 Vm
1006 4270 1100 4326 tnt'lt'a.
1144 4271 1224 4328 Quat
1239 4272 1311 4328 Ntst
1326 4274 1389 4330 081.
1408 4270 1480 4329 Plu·
