3492 5242
826 663 905 741 {37

349 867 415 923 bins
429 871 512 934 3,*33.
530 868 589 923 reri
608 868 718 923 ordinis
735 867 871 923 rationem
891 867 1002 932 habuit,
1021 866 1189 921 condixit:
1208 863 1257 935 τὴν
1271 862 1298 918 δ’
1316 861 1381 936 olyra

348 961 400 1033 ρὰι
416 963 461 1014 ani
476 959 508 1015 ni
522 968 637 1027 ταμιεῖον
654 964 698 1015 aad
713 959 745 1016 sd
760 960 924 1033 στρατήγιον.
971 961 1034 1014 Duo
1053 959 1128 1025 lora,
1160 959 1318 1026 dequibus
1337 959 1380 1011 lo-

350 1056 409 1108 cuti
428 1059 536 1124 sumus,
563 1057 648 1110 etiam
670 1057 698 1111 in
718 1057 819 1111 castris
837 1055 1008 1127 Polybianis
1026 1064 1117 1114 erant,
1143 1052 1168 1106 si
1186 1069 1240 1107 non
1258 1051 1380 1118 nomine,

349 1158 378 1201 at
396 1157 472 1201 certe
485 1163 530 1201 re.
583 1147 654 1203 Nam
678 1147 708 1200 in
731 1148 830 1201 castris
853 1146 1014 1215 conjunctis
1040 1146 1158 1200 duorum
1178 1147 1323 1198 consulum
1350 1145 1384 1197 in·
1436 1146 1438 1151 ‘

349 1251 528 1307 praetentare
553 1241 644 1296 altero
670 1241 759 1296 latere
782 1241 920 1313 praetorii
946 1242 1053 1307 lorum,
1086 1241 1175 1293 alrero
1193 1237 1382 1306 quaestorium

349 1339 497 1404 erat(Pol.
510 1340 536 1398 6,
548 1340 618 1404 31.);
638 1348 703 1392 tunc
720 1338 783 1392 sine
800 1337 889 1390 dubio
907 1338 996 1391 lorum
1015 1352 1107 1390 rernm
1126 1336 1285 1391 utensilium
1301 1339 1382 1403 juxta
1426 1377 1428 1381 ,

349 1430 540 1496 quaestorium
564 1442 623 1499 erar
642 1437 809 1502 (quanquam
833 1433 886 1487 hac
909 1449 940 1486 re
959 1448 1021 1485 cum
1039 1432 1115 1486 Festi
1141 1431 1203 1484 looo
1226 1440 1383 1500 comparata

349 1521 540 1592 Lipsius‘non
559 1523 658 1578 debuit
675 1524 704 1578 in
723 1541 781 1579 eam
799 1525 966 1580 sententiam
985 1524 1128 1585 incidere,
1146 1534 1178 1578 ut
1195 1524 1335 1593 duplicem
1352 1524 1382 1576 in

349 1616 449 1670 castris
470 1616 629 1684 quintanam
654 1626 803 1683 statueret,
840 1616 955 1670 alteram
981 1615 1110 1671 nimirum
1129 1618 1201 1670 inter
1218 1617 1337 1668 selectos
1354 1625 1383 1670 et

350 1711 607 1778 extraordinariam
642 1727 704 1764 eum
722 1722 800 1766 recte
818 1712 921 1767 refutat
941 1713 1046 1766 Planer
1063 1714 1097 1766 35
1115 1713 1198 1777 sqq.).
1241 1708 1272 1763 Si
1291 1719 1382 1795 aptam

349 1802 379 1855 in
399 1803 498 1857 castris
515 1803 596 1857 nnius
615 1804 739 1858 consulis
756 1804 941 1874 praetorium,
980 1804 1085 1869 lorum,
1119 1801 1306 1868 quaestorium
1324 1815 1383 1853 me·

349 1895 398 1948 dia
415 1895 490 1948 inter
505 1895 577 1951 duas
600 1897 728 1965 legiones
752 1896 939 1967 ponebantur,
971 1906 1101 1966 apparet,
1134 1912 1184 1949 neo
1202 1894 1383 1966 praetorium,

350 1987 459 2057 qnippe
477 1989 552 2054 quod
570 1990 622 2043 300
644 1991 729 2059 pedes
752 1991 865 2058 longum
889 1998 977 2056 esset,
1006 2006 1058 2043 neo
1075 1989 1277 2056 quaestorium,
1307 1988 1383 2056 qnod

349 2081 441 2136 minus
459 2083 540 2137 etiam
558 2093 634 2149 erat,
663 2083 777 2138 extendi
797 2100 849 2152 per
867 2082 1011 2152 legionum
1028 2083 1199 2153 pedaturam.
1234 2083 1305 2137 Nam
1322 2093 1384 2136 eta

350 2176 396 2230 via
422 2177 571 2247 principali
597 2178 631 2231 ad
653 2162 829 2245 quintanam,
866 2191 895 2234 et
917 2181 953 2233 ab
978 2180 1030 2232 hac
1053 2177 1088 2230 ad
1119 2177 1296 2231 intervallum
1318 2187 1385 2236 sunt

350 2270 438 2342 pedes
455 2273 516 2326 5⁰⁰.
560 2271 658 2340 Itaque
677 2282 706 2326 et
729 2283 794 2326 ante
813 2271 985 2340 praetorium
1009 2269 1043 2321 ad
1061 2269 1136 2321 niam
1155 2269 1339 2339 principalem
1358 2278 1387 2323 et

350 2372 414 2417 ante
431 2363 620 2430 quaestorium
638 2364 672 2417 ad
693 2363 765 2418 viam
783 2361 941 2430 quintanam
967 2360 1085 2431 spatium
1108 2362 1176 2414 satis
1202 2361 1320 2430 amplum
1338 2378 1385 2415 su·

350 2467 471 2527 parerat.
524 2456 625 2526 ltaque
650 2456 817 2526 adstipulari
844 2471 899 2509 non
926 2470 1038 2524 possum
1064 2453 1237 2522 Wiegandio
1262 2454 1293 2517 (Ι.
1312 2471 1336 2508 o.
1356 2473 1384 2525 p.

350 2553 423 2614 397.)
440 2559 468 2603 et
485 2549 609 2603 Pinnem
628 2555 667 2618 (p.
686 2552 756 2617 33),
790 2547 847 2615 qui·
861 2549 952 2616 majus
977 2548 1067 2601 lorum
1092 2546 1120 2601 in
1146 2548 1246 2602 castris
1269 2548 1385 2601 duarum

350 2643 493 2711 legionum
516 2643 545 2695 in
572 2643 620 2695 ria
637 2644 770 2709 quintana
793 2651 908 2712 ponunt.
959 2642 1029 2696 Nam
1054 2629 1102 2695 vel
1124 2654 1188 2696 ante
1214 2643 1385 2712 praetorium

352 2737 433 2790 locus
449 2735 550 2789 mediis
561 2734 597 2787 in
617 2716 717 2788 nastris
730 2734 804 2788 ,situs
822 2742 894 2789 erat:
927 2738 1020 2801 Atque
1039 2734 1108 2787 haec
1125 2734 1239 2800 quidem
1259 2736 1296 2790 de
1314 2737 1385 2791 loris

351 2829 496 2900 disputata
512 2840 608 2894 sunto,
637 2826 672 2881 ad
692 2844 763 2895 qnae
784 2843 835 2882 nos
853 2828 972 2883 deduxit
992 2829 1080 2897 ipsius
1106 2829 1243 2898 praetorii
1262 2830 1385 2900 disposi-

354 2924 404 2977 tio.
450 2922 488 2975 Ut
505 2921 534 2975 in
559 2922 701 2991 praetorio
725 2922 886 2976 cavaedium
915 2923 1112 2978 testudinatum
1139 2921 1227 2978 luisse
1253 2923 1383 2990 vidimus,

351 3018 392 3070 ita
408 3015 470 3070 sine
484 3015 572 3070 dubio
586 3032 640 3069 non
658 3015 883 3082 sennanim,
902 3015 932 3069 in
945 3033 1002 3084 quo
1019 3017 1108 3070 duces
1120 3033 1182 3070 curo
1200 3018 1311 3088 legatis,
1332 3019 1385 3075 tri-

352 3111 449 3176 bunis,
484 3109 697 3166 centurionibus
713 3111 868 3179 primorum
888 3109 1015 3164 ordinum
1036 3109 1077 3164 de
1100 3110 1169 3165 belli
1195 3111 1323 3166 consiliis
1341 3111 1385 3164 in-

351 3201 452 3256 eundis
469 3203 643 3258 deliberasse
661 3213 744 3272 put03
772 3203 817 3256 illi
836 3203 909 3257 enim
927 3203 1117 3270 dimittuntur,
1136 3205 1159 3258 si
1177 3204 1285 3258 solenni
1304 3206 1384 3259 locu-

354 3295 432 3349 tione
453 3299 627 3366 proetorium
650 3297 755 3351 dimitti
773 3296 881 3351 dicitur
898 3294 973 3360 (niv.
992 3298 1036 3361 30,
1055 3299 1081 3350 5.
1105 3299 1149 3360 37,
1167 3299 1192 3350 5.
1221 3298 1264 3350 Cl
1285 3298 1383 3352 Front.

352 3388 436 3443 Strat.
454 3390 481 3452 2,
498 3390 525 3450 5,
541 3392 584 3445 33.
612 3396 717 3458 tempus
735 3389 832 3458 clepit,
870 3405 921 3458 quo
939 3389 1046 3443 misso
1063 3391 1244 3460 principia
1267 3392 1383 3460 quietem

351 3481 479 3535 omnibus
503 3483 693 3537 castrensibus
716 3484 817 3537 dobant
843 3483 1068 3552 praetorumque
1095 3460 1241 3538 secretiori
1251 3494 1383 3553 praeela-

351 3576 448 3637 bont.).
493 3576 538 3629 Ad
565 3575 777 3630 similitudinem
803 3577 939 3646 praetorii
959 3589 986 3630 et
1010 3576 1106 3630 donnus
1125 3577 1266 3633 Romanae
1291 3580 1382 3634 refero
1430 3641 1433 3646 ,

353 3669 382 3722 id
403 3685 531 3736 quoque,
551 3670 624 3738 quod
643 3672 781 3741 posticum
798 3673 857 3738 eJ'us
877 3681 1106 3726 commemoratur
1123 3674 1199 3738 (18.).

421 3765 445 3814 A
472 3761 561 3816 CLX
586 3764 624 3816 ad
649 3764 769 3819 CCXX
794 3774 911 3832 potest
933 3764 1127 3839 observari]
1164 3766 1250 3821 Pedes
1275 3762 1380 3822 intelliss

350 3855 457 3926 gendos
474 3873 535 3910 esse
552 3865 637 3927 patet.
669 3858 840 3913 Obaemondi
854 3859 968 3912 verbnm
983 3860 1061 3913 varia
1078 3858 1284 3926 significatione
1301 3879 1381 3917 usur·

351 3961 399 4020 pet
416 3951 557 4020 Hyginus.
590 3951 738 4021 Propriam
757 3953 900 4007 notionem
917 3952 1003 4007 habet
1016 3955 1059 4008 57.
1094 3942 1256 4008 'Observare
1273 3957 1382 4025 aliquid
1406 3949 1408 3954 ’

353 4054 480 4111 tanquam
505 4044 628 4111 regulam
654 4045 759 4101 dicitur
784 4047 867 4114 paulo
891 4046 1021 4114 superins
1042 4056 1069 4099 et
1088 4048 1132 4102 32.
1151 4050 1191 4104 tn.
1211 4052 1252 4104 39.
1273 4058 1378 4117 etseq.

351 4152 410 4190 acc.
428 4153 453 4191 c.
472 4137 522 4192 inl.
538 4136 624 4194 ,etiam
643 4139 685 4194 43.
720 4140 766 4194 Ex
785 4140 838 4193 lroo
857 4155 906 4193 usu
926 4150 1004 4193 ortus
1020 4149 1063 4194 est
1082 4139 1146 4206 ille,
1173 4159 1210 4195 ex
1230 4159 1285 4210 quo
1304 4157 1380 4194 men·

351 4244 434 4282 sores·
446 4233 513 4296 finer
529 4231 623 4300 aliquo
640 4248 672 4284 re
687 4232 832 4289 arremari
848 4232 944 4290 dicunt
956 4233 1027 4299 (Sic.
1047 4234 1092 4290 Fl.
1112 4237 1152 4290 10.
1174 4236 1213 4289 12
1235 4237 1274 4291 13.
1301 4236 1377 4305 llyg.
