3492 5242
836 617 948 761 aar
1009 726 1011 735 A

428 875 611 949 Quoniam,
642 899 712 935 cum
734 879 1063 955 compraetendaut]
1097 880 1182 935 θοοῦ.
1205 883 1226 939 l.
1252 901 1276 937 c.
1297 891 1397 940 casira

356 963 565 1041 praetenderet?
608 971 878 1041 compraeteadends·
897 976 1011 1030 verbum
1031 973 1084 1028 etsi
1103 972 1175 1036 ἅπαξ
1197 974 1328 1048 εἰρημένω
1344 964 1397 1044 est,

359 1063 464 1117 retinui
481 1074 587 1129 tamen,
611 1063 679 1130 quia
696 1063 774 1117 notio
793 1067 853 1141 eius
869 1067 1010 1137 explicari
1027 1083 1111 1139 posse
1131 1069 1258 1123 ridetur.v
1286 1070 1397 1125 Indica·

356 1168 407 1210 tur
431 1157 538 1220 enim„
558 1157 687 1235 binorum
712 1145 945 1227 semistrigiorum
971 1162 1075 1217 milites
1102 1167 1262 1233 conjunctas
1287 1167 1398 1220 tendere

355 1249 479 1316 (scilicet
494 1238 527 1303 'iu
547 1250 643 1303 eadem
661 1250 774 1320 striga),
804 1265 833 1308 et
853 1252 893 1308 itu
911 1254 1040 1320 quidem,
1072 1267 1102 1310 ut
1119 1255 1301 1312 tentoriorum
1320 1257 1399 1311 ordi«-

356 1363 406 1400 aes
430 1347 505 1401 inter
530 1363 561 1402 se
579 1348 703 1418 oppositi
731 1348 789 1403 sint
813 1350 861 1414 (af.
882 1365 967 1419 supra
992 1353 1160 1410 occurrant).
1215 1351 1399 1420 Praepositio

352 1460 425 1511 prae
442 1442 558 1497 eandem
577 1443 716 1498 notionem
742 1445 861 1498 localem
887 1445 970 1498 babet
988 1444 1130 1512 (variter),
1156 1459 1245 1511 auam
1268 1443 1349 1498 babet
1370 1443 1398 1498 iu
1431 1476 1444 1484 -

355 1539 444 1591 verbo
456 1541 647 1608 praeduceadi
657 1539 756 1606 (veluti
770 1540 893 1605 lossamt,
912 1539 1111 1606 praetendendi
1121 1533 1302 1605 (transitivo),
1321 1537 1397 1592 aliis.

354 1633 401 1685 De
416 1632 472 1686 alia
485 1633 694 1702 significatione
708 1633 788 1686 verbi
803 1632 976 1688 intransitivi
990 1634 1191 1700 praeiendmdi
1200 1632 1317 1687 ebibita
1326 1632 1362 1685 ad
1371 1635 1398 1688 3.

423 1754 600 1808 Ellicitur
618 1754 733 1822 striga
759 1754 882 1824 pedum
905 1753 977 1828 LX]
1013 1754 1062 1809 Sic
1088 1757 1197 1823 efficere
1223 1752 1399 1822 s'emistriyia

351 1849 398 1902 34.
424 1850 537 1901 stellam
557 1849 598 1902 19.
626 1833 728 1913 sosas,
763 1864 832 1918 opus
850 1849 948 1917 pedam
971 1848 1027 1903 LX
1044 1850 1095 1909 54„
1138 1847 1278 1904 Similiter
1303 1848 1399 1915 facere

350 1945 438 2011 pedes
453 1942 496 1995 36.
551 1942 649 2011 Stri‘pa
683 1940 857 1994 mensoribus
883 1940 1026 2009 significat
1053 1943 1215 2013 pedaturam
1240 1941 1398 2010 longiorem

353 2038 489 2104 dimidio,
509 2055 590 2107 quam
611 2036 752 2104 latiorem,
771 2031 904 2108 opposito
922 2054 1049 2103 scamno,
1068 2037 1147 2105 quod·
1164 2036 1283 2091 dimidio
1302 2035 1400 2103 latius,

351 2148 436 2201 quam
460 2131 576 2201 longius
596 2144 648 2187 est.
672 2132 801 2203 Cillyg.
821 2130 858 2184 de
876 2131 948 2184 Lim.
970 2132 1065 2186 Consi.
1087 2125 1145 2189 199.
1191 2133 1302 2188 Omnem
1322 2149 1399 2187 men·
1453 2118 1456 2126 Δ

353 2245 438 2281 surae
460 2227 539 2295 hujus
556 2229 758 2297 quadraturam
783 2227 903 2281 dimidia
929 2211 1086 2296 longiorem
1111 2229 1170 2281 siue
1196 2228 1327 2281 latiorem
1351 2227 1398 2294 f·
1450 2284 1455 2293 ‚

353 2341 420 2376 cere
437 2323 605 2390 debebimus,
635 2328 676 2386 et,
711 2321 783 2391 qaod
802 2320 833 2374 in
852 2321 1029 2374 latitudinem
1046 2321 1156 2391 lonpius
1173 2323 1275 2388 fuerit,
1306 2337 1399 2374 scam·

351 2434 432 2483 num,
457 2417 530 2487 quad
548 2416 578 2470 in
595 2410 808 2485 lonpiiadinem‚
828 2416 929 2482 striga.
955 2414 998 2469 (if.
1018 2414 1145 2469 Frontin.
1166 2414 1203 2466 de
1222 2414 1305 2469 Quat.
1326 2414 1398 2481 Agr.

354 2527 382 2579 p.
402 2511 444 2564 38.
472 2512 546 2578 Agg.
565 2509 637 2562 Urb.
658 2526 684 2578 p.
703 2503 756 2575 46.ι
783 2508 854 2563 Jure
872 2506 961 2575 igitur
979 2523 1044 2561 area
1065 2510 1114 2562 190
1131 2509 1219 2578 pedes
1238 2508 1337 2575 longa,
1363 2508 1400 2562 nu

352 2603 412 2659 luta
430 2607 522 2676 stripa
541 2604 713 2673 appellatur.
759 2604 886 2657 Laxiore
905 2613 996 2657 autem
1020 2602 1161 2658 sententia
1179 2600 1311 2675 Hyginus
1334 2602 1399 2657 stri-

354 2715 418 2766 gam
438 2707 480 2764 (ut
497 2697 712 2765 semistrigium)
738 2700 892 2766 quamlibet
911 2715 1005 2752 aream
1022 2700 1058 2753 6⁰
1082 2697 1169 2767 p'edes
1186 2698 1269 2751 latam
1290 2697 1401 2750 in'lon·

354 2792 511 2862 gitudinem
531 2803 689 2861 porrectam
710 2794 837 2864 appellat
856 2797 893 2857 (7.
912 2796 937 2849 8.
956 2796 981 2849 9.
1004 2794 1043 2846 14.
1067 2793 1107 2846 19.
1127 2793 1168 2845 94.
1187 2778 1309 2858 41143).
1338 2790 1399 2844 lmo

355 2885 529 2942 latitudinem
547 2887 712 2953 quoq‘uebtl
730 2885 832 2956 pedum
852 2887 995 2954 neglexit,
1031 2902 1092 2938 cum
1112 2884 1189 2939 dixit
1207 2886 1259 2941 ⁴13:
1299 2882 1400 2938 Obser·
1500 2953 1503 2956 ⁴

354 2980 480 3034 nubimus
504 2980 616 3049 primae
640 2981 747 3049 siripae
772 2979 863 3048 sipar's
888 2979 963 3033 idem
986 2979 1153 3048 adsignari,
1192 2979 1265 3048 quod
1289 2974 1401 3031 cobarti

309 3068 311 3110 ῗ
353 3075 472 3143 primae.
516 3074 560 3126 Ac
585 3070 740 3143 proiectos
762 3081 855 3125 certae
879 3069 960 3124 illius
979 3070 1165 3140 longitudinis
1184 3068 1399 3137 latitudinisque

309 3226 311 3253 r
354 3167 497 3222 notionem
517 3185 574 3220 vox
596 3168 631 3221 ab
651 3165 723 3237 ipsis
743 3167 920 3222 mensoribus
938 3166 1082 3236 accepisse
1106 3161 1232 3232 videtur;
1267 3165 1401 3234 ipseper

309 3262 311 3335 ξ
354 3279 387 3317 se
407 3261 478 3313 nihil
504 3261 582 3315 aliud
603 3261 743 3329 significat
768 3263 822 3316 uisi
841 3263 956 3317 ordines
980 3279 1075 3315 rerum
1093 3262 1170 3315 inter
1192 3277 1222 3315 se
1241 3256 1400 3314 contionale

309 3371 311 3423 ζ
354 3360 560 3413 collocatarum
578 3355 689 3418 (Festus
706 3371 728 3412 s.
748 3374 773 3410 v.
792 3374 819 3427 p.
839 3358 924 3423 315.).
970 3356 1093 3410 Ordines
1111 3354 1203 3422 igitur
1223 3352 1398 3425 papilionum

353 3452 430 3505 inter
454 3467 485 3503 se
512 3446 739 3503 continuatorum*
762 3451 870 3519 siripae
896 3449 1038 3521 appellari
1066 3459 1203 3521 poterant.
1255 3444 1399 3503 Similiter

309 3602 311 3612 ,
352 3547 464 3614 faenum
483 3549 615 3599 coartare
632 3545 662 3597 iu
680 3545 801 3614 stripam
820 3544 896 3599 dixit
914 3546 1020 3600 Colum.
1035 3545 1062 3609 9,
1083 3545 1124 3609 18,
1143 3545 1169 3598 9.
1205 3543 1329 3598 Ducitur
1347 3559 1398 3596 vo·

354 3634 484 3693 rabulum
511 3637 573 3692 sine
599 3637 686 3691 dubio
707 3630 909 3707 astringenda
927 3640 981 3705 (sic
1000 3639 1098 3692 Festus
1115 3638 1134 3692 l.
1154 3641 1198 3698 o).
1249 3621 1419 3708 Strt’paudt‘¹

353 3733 428 3788 euim
449 3733 581 3800 verbum,
613 3732 688 3800 quod
707 3730 849 3799 significat
868 3733 1023 3786 consistere
1045 3732 1074 3785 in
1093 3725 1201 3786 arando
1223 3731 1298 3801 apud
1318 3732 1395 3786 Plin.
1463 3744 1476 3756 ·

352 3827 389 3882 Ν.
410 3828 445 3882 ll.
466 3829 509 3892 18,
527 3828 570 3881 49.
598 3827 644 3890 (cl.
662 3825 770 3880 Galum.
789 3827 815 3890 9,
835 3828 861 3892 9,
880 3827 954 3892 91),
993 3823 1148 3880 derivatum
1174 3825 1285 3880 demum
1310 3839 1353 3880 est
1380 3840 1397 3879 a

353 3924 446 3992 striya
464 3932 512 3976 aut
529 3937 546 3974 a
565 3921 655 3991 stripe
667 3922 756 3988 (strix
773 3921 856 3983 enim,
876 3931 905 3975 ut
923 3921 1008 3989 stria,
1026 3921 1157 3989 designat·
1173 3925 1291 3989 salsam,
1310 3921 1395 3982 Varr.

352 4016 388 4072 R.
406 4016 443 4072 R.
463 4019 489 4082 1,
506 4017 550 4071 99.
584 4013 713 4077 vital,
733 4017 762 4077 1,
782 4019 807 4070 7.
839 4018 870 4080 4,
890 4017 969 4081 a,9.
1005 4017 1037 4083 4,
1057 4019 1090 4082 4,
1110 4017 1136 4084 9.
1155 4019 1181 4072 3.
1216 4017 1302 4085 Rutg.
1324 4014 1393 4069 Vsr.

352 4110 432 4164 Lect.
451 4110 533 4172 999).
579 4095 660 4177 Ager
679 4116 769 4162 autem
788 4109 930 4178 strigulus
946 4111 1033 4178 (Agg.
1054 4096 1129 4164 Urbs
1143 4127 1170 4181 p.
1188 4111 1245 4177 46.)
1265 4119 1308 4164 est
1319 4124 1395 4176 ager

352 4204 382 4258 in
412 4203 522 4257 modum
552 4202 703 4270 striganum
726 4201 853 4267 divisus,
891 4202 965 4256 ande
988 4212 1122 4272 apparet,
1158 4203 1302 4272 sirigaadi
1329 4217 1392 4255 ver-

353 4286 424 4351 bum
443 4296 558 4370 proprie
583 4294 761 4364 siguificare:
797 4297 921 4370 strigam
948 4299 1072 4364 efficerr,
1109 4312 1164 4364 qua
1191 4311 1253 4350 cam
1279 4293 1394 4351 notione
