<?xml version="1.0" encoding="UTF-8"?>
<!DOCTYPE html PUBLIC "-//W3C//DTD XHTML 1.0 Transitional//EN"
    "http://www.w3.org/TR/xhtml1/DTD/xhtml1-transitional.dtd">
<html xmlns="http://www.w3.org/1999/xhtml" xml:lang="en" lang="en">
 <head>
  <title>
</title>
<meta http-equiv="Content-Type" content="text/html;charset=utf-8" />
  <meta name='ocr-system' content='tesseract 3.04.00' />
  <meta name='ocr-capabilities' content='ocr_page ocr_carea ocr_par ocr_line ocrx_word'/>
</head>
<body>
  <div class='ocr_page' id='page_1' title='image "./liberdemunition00hygigoog_0142.png"; bbox 0 0 3492 5242; ppageno 0'>
   <div class='ocr_carea' id='block_1_1' title="bbox 837 656 995 736">
    <p class='ocr_par' dir='ltr' id='par_1_1' title="bbox 837 656 995 736">
     <span class='ocr_line' id='line_1_1' title="bbox 837 656 995 736; baseline 0 0"><span class='ocrx_word' id='word_1_1' title='bbox 837 656 995 736; x_wconf 75' lang='lat'><strong>{50‘</strong></span> 
     </span>
    </p>
   </div>
   <div class='ocr_carea' id='block_1_2' title="bbox 362 856 1399 1489">
    <p class='ocr_par' dir='ltr' id='par_1_2' title="bbox 365 856 1397 1021">
     <span class='ocr_line' id='line_1_2' title="bbox 421 856 1397 929; baseline 0.002 -16"><span class='ocrx_word' id='word_1_2' title='bbox 421 856 619 927; x_wconf 69' lang='lat' dir='ltr'><strong>:RecipereJ</strong></span> <span class='ocrx_word' id='word_1_3' title='bbox 655 857 784 913; x_wconf 80' lang='lat' dir='ltr'><strong>Positum</strong></span> <span class='ocrx_word' id='word_1_4' title='bbox 802 867 846 911; x_wconf 85' lang='lat' dir='ltr'><strong>est</strong></span> <span class='ocrx_word' id='word_1_5' title='bbox 863 857 918 913; x_wconf 88' lang='lat' dir='ltr'><strong>lroc</strong></span> <span class='ocrx_word' id='word_1_6' title='bbox 936 858 1050 912; x_wconf 82' lang='lat' dir='ltr'><strong>verbum</strong></span> <span class='ocrx_word' id='word_1_7' title='bbox 1068 859 1096 912; x_wconf 86' lang='lat' dir='ltr'><strong>b.</strong></span> <span class='ocrx_word' id='word_1_8' title='bbox 1115 859 1135 914; x_wconf 91' lang='lat' dir='ltr'><strong>l.</strong></span> <span class='ocrx_word' id='word_1_9' title='bbox 1151 857 1267 915; x_wconf 83' lang='lat' dir='ltr'><strong>rariore</strong></span> <span class='ocrx_word' id='word_1_10' title='bbox 1287 859 1397 929; x_wconf 72' lang='lat' dir='ltr'><strong>siguifi-</strong></span> 
     </span>
     <span class='ocr_line' id='line_1_3' title="bbox 365 949 1328 1021; baseline 0.001 -16"><span class='ocrx_word' id='word_1_11' title='bbox 365 950 476 1006; x_wconf 86' lang='lat' dir='ltr'><strong>cutione</strong></span> <span class='ocrx_word' id='word_1_12' title='bbox 493 965 545 1021; x_wconf 85' lang='lat' dir='ltr'><strong>pro</strong></span> <span class='ocrx_word' id='word_1_13' title='bbox 562 950 705 1019; x_wconf 67' lang='grc' dir='ltr'><strong>ποίμνας</strong></span> <span class='ocrx_word' id='word_1_14' title='bbox 736 949 910 1004; x_wconf 72' lang='lat' dir='ltr'><strong>usitatiorem</strong></span> <span class='ocrx_word' id='word_1_15' title='bbox 928 951 1066 1004; x_wconf 67' lang='lat' dir='ltr'><strong>unionem</strong></span> <span class='ocrx_word' id='word_1_16' title='bbox 1084 951 1167 1005; x_wconf 85' lang='lat' dir='ltr'><strong>babet</strong></span> <span class='ocrx_word' id='word_1_17' title='bbox 1185 951 1264 1006; x_wconf 79' lang='lat' dir='ltr'><strong>inira</strong></span> <span class='ocrx_word' id='word_1_18' title='bbox 1279 956 1328 1008; x_wconf 73' lang='grc'><strong>91.</strong></span> 
     </span>
    </p>

    <p class='ocr_par' dir='ltr' id='par_1_3' title="bbox 362 1042 1399 1489">
     <span class='ocr_line' id='line_1_4' title="bbox 432 1042 1398 1110; baseline 0 -9"><span class='ocrx_word' id='word_1_19' title='bbox 432 1044 525 1101; x_wconf 72' lang='lat' dir='ltr'><strong>Ques</strong></span> <span class='ocrx_word' id='word_1_20' title='bbox 550 1043 720 1098; x_wconf 83' lang='lat' dir='ltr'><strong>tentoriis</strong></span> <span class='ocrx_word' id='word_1_21' title='bbox 742 1043 940 1110; x_wconf 71' lang='lat' dir='ltr'><strong>najoribus-</strong></span> <span class='ocrx_word' id='word_1_22' title='bbox 957 1042 1110 1109; x_wconf 83' lang='lat' dir='ltr'><strong>utantur]</strong></span> <span class='ocrx_word' id='word_1_23' title='bbox 1146 1045 1316 1099; x_wconf 67' lang='lat' dir='ltr'><strong>Tentors’um</strong></span> <span class='ocrx_word' id='word_1_24' title='bbox 1341 1062 1398 1101; x_wconf 84' lang='lat' dir='ltr'><strong>oot-</strong></span> 
     </span>
     <span class='ocr_line' id='line_1_5' title="bbox 364 1135 1399 1207; baseline 0.005 -17"><span class='ocrx_word' id='word_1_25' title='bbox 364 1147 473 1207; x_wconf 80' lang='lat' dir='ltr'><strong>ruptunr</strong></span> <span class='ocrx_word' id='word_1_26' title='bbox 491 1137 580 1190; x_wconf 87' lang='lat' dir='ltr'><strong>estin</strong></span> <span class='ocrx_word' id='word_1_27' title='bbox 600 1135 746 1189; x_wconf 78' lang='lat' dir='ltr'><strong>codicibus</strong></span> <span class='ocrx_word' id='word_1_28' title='bbox 762 1135 847 1188; x_wconf 73' lang='lat' dir='ltr'><strong>eliam</strong></span> <span class='ocrx_word' id='word_1_29' title='bbox 864 1138 890 1190; x_wconf 82' lang='lat'><strong>8.</strong></span> <span class='ocrx_word' id='word_1_30' title='bbox 913 1139 952 1191; x_wconf 90' lang='grc'><strong>19.</strong></span> <span class='ocrx_word' id='word_1_31' title='bbox 986 1137 1100 1190; x_wconf 80' lang='lat' dir='ltr'><strong>Eisdem</strong></span> <span class='ocrx_word' id='word_1_32' title='bbox 1120 1136 1268 1204; x_wconf 81' lang='lat' dir='ltr'><strong>tentoriis,</strong></span> <span class='ocrx_word' id='word_1_33' title='bbox 1295 1138 1399 1205; x_wconf 83' lang='lat' dir='ltr'><strong>quibus</strong></span> 
     </span>
     <span class='ocr_line' id='line_1_6' title="bbox 362 1230 1398 1299; baseline 0.008 -17"><span class='ocrx_word' id='word_1_34' title='bbox 362 1230 547 1299; x_wconf 84' lang='lat' dir='ltr'><strong>praetoriani,</strong></span> <span class='ocrx_word' id='word_1_35' title='bbox 583 1239 696 1284; x_wconf 82' lang='lat' dir='ltr'><strong>utuntur</strong></span> <span class='ocrx_word' id='word_1_36' title='bbox 712 1239 832 1283; x_wconf 72' lang='lat' dir='ltr'><strong>natones</strong></span> <span class='ocrx_word' id='word_1_37' title='bbox 850 1231 925 1294; x_wconf 83' lang='grc'><strong>(19).</strong></span> <span class='ocrx_word' id='word_1_38' title='bbox 979 1230 1115 1284; x_wconf 70' lang='lat' dir='ltr'><strong>Qumis·</strong></span> <span class='ocrx_word' id='word_1_39' title='bbox 1129 1232 1240 1298; x_wconf 82' lang='lat' dir='ltr'><strong>strigae</strong></span> <span class='ocrx_word' id='word_1_40' title='bbox 1257 1233 1398 1289; x_wconf 70' lang='lat' dir='ltr'><strong>minui·</strong></span> 
     </span>
     <span class='ocr_line' id='line_1_7' title="bbox 362 1322 1398 1394; baseline 0.002 -15"><span class='ocrx_word' id='word_1_41' title='bbox 362 1326 529 1394; x_wconf 61' lang='lat' dir='ltr'><strong>piorumque</strong></span> <span class='ocrx_word' id='word_1_42' title='bbox 551 1323 723 1393; x_wconf 71' lang='lat' dir='ltr'><strong>conpositio</strong></span> <span class='ocrx_word' id='word_1_43' title='bbox 750 1325 779 1377; x_wconf 90' lang='lat' dir='ltr'><strong>iu</strong></span> <span class='ocrx_word' id='word_1_44' title='bbox 811 1322 939 1377; x_wconf 81' lang='lat' dir='ltr'><strong>omuibus</strong></span> <span class='ocrx_word' id='word_1_45' title='bbox 971 1324 1114 1394; x_wconf 76' lang='lat' dir='ltr'><strong>copiarum</strong></span> <span class='ocrx_word' id='word_1_46' title='bbox 1143 1323 1277 1394; x_wconf 83' lang='lat' dir='ltr'><strong>portibus</strong></span> <span class='ocrx_word' id='word_1_47' title='bbox 1301 1326 1398 1381; x_wconf 75' lang='lat' dir='ltr'><strong>ealle·</strong></span> 
     </span>
     <span class='ocr_line' id='line_1_8' title="bbox 362 1415 1397 1489; baseline 0.001 -19"><span class='ocrx_word' id='word_1_48' title='bbox 362 1418 415 1475; x_wconf 85' lang='lat' dir='ltr'><strong>luit</strong></span> <span class='ocrx_word' id='word_1_49' title='bbox 432 1446 464 1459; x_wconf 89' lang='lat'><em>-</em></span> <span class='ocrx_word' id='word_1_50' title='bbox 481 1419 505 1471; x_wconf 87' lang='lat' dir='ltr'><strong>si</strong></span> <span class='ocrx_word' id='word_1_51' title='bbox 525 1433 606 1472; x_wconf 86' lang='lat' dir='ltr'><strong>secus</strong></span> <span class='ocrx_word' id='word_1_52' title='bbox 623 1428 711 1483; x_wconf 84' lang='lat' dir='ltr'><strong>esset,</strong></span> <span class='ocrx_word' id='word_1_53' title='bbox 736 1415 866 1486; x_wconf 76' lang='lat' dir='ltr'><strong>Hyginus</strong></span> <span class='ocrx_word' id='word_1_54' title='bbox 884 1415 921 1467; x_wconf 83' lang='lat' dir='ltr'><strong>de</strong></span> <span class='ocrx_word' id='word_1_55' title='bbox 940 1431 972 1468; x_wconf 86' lang='lat' dir='ltr'><strong>ea</strong></span> <span class='ocrx_word' id='word_1_56' title='bbox 991 1432 1023 1469; x_wconf 87' lang='lat' dir='ltr'><strong>re</strong></span> <span class='ocrx_word' id='word_1_57' title='bbox 1040 1432 1093 1469; x_wconf 90' lang='lat' dir='ltr'><strong>non</strong></span> <span class='ocrx_word' id='word_1_58' title='bbox 1118 1417 1252 1473; x_wconf 72' lang='lat' dir='ltr'><strong>tacuisset</strong></span> <span class='ocrx_word' id='word_1_59' title='bbox 1272 1449 1325 1486; x_wconf 56' lang='lat' dir='ltr'><strong>-s,</strong></span> <span class='ocrx_word' id='word_1_60' title='bbox 1349 1435 1397 1489; x_wconf 84' lang='lat' dir='ltr'><strong>ap-</strong></span> 
     </span>
    </p>
   </div>
   <div class='ocr_carea' id='block_1_3' title="bbox 270 1501 1397 1584">
    <p class='ocr_par' dir='ltr' id='par_1_4' title="bbox 270 1501 1397 1584">
     <span class='ocr_line' id='line_1_9' title="bbox 270 1501 1397 1584; baseline 0.008 -20"><span class='ocrx_word' id='word_1_61' title='bbox 270 1545 273 1551; x_wconf 79' lang='lat'><em>,</em></span> <span class='ocrx_word' id='word_1_62' title='bbox 325 1501 327 1505; x_wconf 57' lang='grc'>’</span> <span class='ocrx_word' id='word_1_63' title='bbox 361 1523 454 1584; x_wconf 82' lang='lat' dir='ltr'><strong>paret,</strong></span> <span class='ocrx_word' id='word_1_64' title='bbox 487 1513 609 1568; x_wconf 83' lang='lat' dir='ltr'><strong>tentoria</strong></span> <span class='ocrx_word' id='word_1_65' title='bbox 634 1514 661 1564; x_wconf 83' lang='lat' dir='ltr'><strong>in</strong></span> <span class='ocrx_word' id='word_1_66' title='bbox 687 1509 869 1578; x_wconf 77' lang='lat' dir='ltr'><strong>lungitudine</strong></span> <span class='ocrx_word' id='word_1_67' title='bbox 898 1520 1002 1565; x_wconf 74' lang='lat' dir='ltr'><strong>tantm</strong></span> <span class='ocrx_word' id='word_1_68' title='bbox 1026 1511 1191 1580; x_wconf 77' lang='lat' dir='ltr'><strong>semistrigii</strong></span> <span class='ocrx_word' id='word_1_69' title='bbox 1216 1514 1287 1583; x_wconf 87' lang='lat' dir='ltr'><strong>plus</strong></span> <span class='ocrx_word' id='word_1_70' title='bbox 1312 1515 1397 1573; x_wconf 80' lang='lat' dir='ltr'><strong>lesus</strong></span> 
     </span>
    </p>
   </div>
   <div class='ocr_carea' id='block_1_4' title="bbox 339 1604 1423 2610">
    <p class='ocr_par' dir='ltr' id='par_1_5' title="bbox 359 1604 1423 1754">
     <span class='ocr_line' id='line_1_10' title="bbox 359 1604 1423 1676; baseline 0.004 -17"><span class='ocrx_word' id='word_1_71' title='bbox 359 1604 447 1675; x_wconf 82' lang='lat' dir='ltr'><strong>pedes</strong></span> <span class='ocrx_word' id='word_1_72' title='bbox 465 1607 616 1676; x_wconf 79' lang='lat' dir='ltr'><strong>accepisse.</strong></span> <span class='ocrx_word' id='word_1_73' title='bbox 662 1607 713 1660; x_wconf 82' lang='lat' dir='ltr'><strong>Uli</strong></span> <span class='ocrx_word' id='word_1_74' title='bbox 729 1607 861 1661; x_wconf 75' lang='lat' dir='ltr'><strong>tentoriis</strong></span> <span class='ocrx_word' id='word_1_75' title='bbox 878 1618 925 1661; x_wconf 90' lang='lat' dir='ltr'><strong>aut</strong></span> <span class='ocrx_word' id='word_1_76' title='bbox 940 1607 1133 1676; x_wconf 66' lang='lat' dir='ltr'><strong>papilionibus</strong></span> <span class='ocrx_word' id='word_1_77' title='bbox 1151 1605 1297 1661; x_wconf 82' lang='lat' dir='ltr'><strong>iuvenitur</strong></span> <span class='ocrx_word' id='word_1_78' title='bbox 1314 1609 1395 1665; x_wconf 74' lang='lat' dir='ltr'><strong>etia·</strong></span> <span class='ocrx_word' id='word_1_79' title='bbox 1420 1658 1423 1663; x_wconf 87' lang='lat'><em>.</em></span> 
     </span>
     <span class='ocr_line' id='line_1_11' title="bbox 362 1701 466 1754; baseline 0 -1"><span class='ocrx_word' id='word_1_80' title='bbox 362 1701 403 1754; x_wconf 89' lang='grc'><strong>19.</strong></span> <span class='ocrx_word' id='word_1_81' title='bbox 423 1701 466 1753; x_wconf 77' lang='lat'><strong>27.</strong></span> 
     </span>
    </p>

    <p class='ocr_par' dir='ltr' id='par_1_6' title="bbox 339 1790 1393 2610">
     <span class='ocr_line' id='line_1_12' title="bbox 427 1790 1393 1864; baseline 0.002 -20"><span class='ocrx_word' id='word_1_82' title='bbox 427 1790 674 1859; x_wconf 77' lang='lat' dir='ltr'><strong>Priuipilares</strong></span> <span class='ocrx_word' id='word_1_83' title='bbox 697 1791 798 1844; x_wconf 87' lang='lat' dir='ltr'><strong>eriam</strong></span> <span class='ocrx_word' id='word_1_84' title='bbox 817 1804 849 1846; x_wconf 88' lang='lat' dir='ltr'><strong>et</strong></span> <span class='ocrx_word' id='word_1_85' title='bbox 867 1792 1056 1847; x_wconf 81' lang='lat' dir='ltr'><strong>evocati-</strong></span> <span class='ocrx_word' id='word_1_86' title='bbox 1074 1792 1184 1845; x_wconf 74' lang='lat' dir='ltr'><strong>locun</strong></span> <span class='ocrx_word' id='word_1_87' title='bbox 1202 1791 1393 1864; x_wconf 75' lang='lat' dir='ltr'><strong>accipiunt]</strong></span> 
     </span>
     <span class='ocr_line' id='line_1_13' title="bbox 358 1884 1393 1954; baseline 0.001 -14"><span class='ocrx_word' id='word_1_88' title='bbox 358 1884 463 1940; x_wconf 83' lang='lat' dir='ltr'><strong>Sebele</strong></span> <span class='ocrx_word' id='word_1_89' title='bbox 480 1900 517 1939; x_wconf 85' lang='lat' dir='ltr'><strong>ex</strong></span> <span class='ocrx_word' id='word_1_90' title='bbox 536 1887 589 1938; x_wconf 90' lang='lat' dir='ltr'><strong>boc</strong></span> <span class='ocrx_word' id='word_1_91' title='bbox 606 1885 670 1936; x_wconf 88' lang='lat' dir='ltr'><strong>loco</strong></span> <span class='ocrx_word' id='word_1_92' title='bbox 690 1893 765 1938; x_wconf 85' lang='lat' dir='ltr'><strong>recte</strong></span> <span class='ocrx_word' id='word_1_93' title='bbox 783 1884 916 1952; x_wconf 73' lang='lat' dir='ltr'><strong>collegit,</strong></span> <span class='ocrx_word' id='word_1_94' title='bbox 940 1885 1151 1954; x_wconf 72' lang='lat' dir='ltr'><strong>primipilares,</strong></span> <span class='ocrx_word' id='word_1_95' title='bbox 1169 1884 1199 1939; x_wconf 88' lang='lat' dir='ltr'><strong>h.</strong></span> <span class='ocrx_word' id='word_1_96' title='bbox 1217 1901 1244 1938; x_wconf 84' lang='lat' dir='ltr'><strong>e.</strong></span> <span class='ocrx_word' id='word_1_97' title='bbox 1262 1902 1329 1953; x_wconf 85' lang='lat' dir='ltr'><strong>eos,</strong></span> <span class='ocrx_word' id='word_1_98' title='bbox 1347 1885 1393 1954; x_wconf 84' lang='lat' dir='ltr'><strong>qui</strong></span> 
     </span>
     <span class='ocr_line' id='line_1_14' title="bbox 360 1977 1392 2049; baseline 0.001 -14"><span class='ocrx_word' id='word_1_99' title='bbox 360 1981 476 2049; x_wconf 86' lang='lat' dir='ltr'><strong>primunr</strong></span> <span class='ocrx_word' id='word_1_100' title='bbox 495 1979 583 2048; x_wconf 89' lang='lat' dir='ltr'><strong>pilum</strong></span> <span class='ocrx_word' id='word_1_101' title='bbox 602 1978 756 2041; x_wconf 83' lang='lat' dir='ltr'><strong>duxeruut,</strong></span> <span class='ocrx_word' id='word_1_102' title='bbox 775 1977 799 2030; x_wconf 86' lang='lat' dir='ltr'><strong>si</strong></span> <span class='ocrx_word' id='word_1_103' title='bbox 821 1988 921 2046; x_wconf 83' lang='lat' dir='ltr'><strong>postea</strong></span> <span class='ocrx_word' id='word_1_104' title='bbox 940 1993 1038 2030; x_wconf 87' lang='lat' dir='ltr'><strong>rursus</strong></span> <span class='ocrx_word' id='word_1_105' title='bbox 1056 1977 1086 2029; x_wconf 92' lang='lat' dir='ltr'><strong>iu</strong></span> <span class='ocrx_word' id='word_1_106' title='bbox 1105 1977 1209 2030; x_wconf 85' lang='lat' dir='ltr'><strong>bellum</strong></span> <span class='ocrx_word' id='word_1_107' title='bbox 1226 1978 1392 2048; x_wconf 73' lang='lat' dir='ltr'><strong>proficuos·</strong></span> 
     </span>
     <span class='ocr_line' id='line_1_15' title="bbox 358 2054 1392 2141; baseline 0 -14"><span class='ocrx_word' id='word_1_108' title='bbox 358 2054 467 2140; x_wconf 84' lang='lat' dir='ltr'><strong>rentur,</strong></span> <span class='ocrx_word' id='word_1_109' title='bbox 503 2089 557 2126; x_wconf 90' lang='lat' dir='ltr'><strong>non</strong></span> <span class='ocrx_word' id='word_1_110' title='bbox 574 2077 629 2141; x_wconf 78' lang='lat' dir='ltr'><strong>jaus</strong></span> <span class='ocrx_word' id='word_1_111' title='bbox 648 2073 781 2126; x_wconf 81' lang='lat' dir='ltr'><strong>meruisse</strong></span> <span class='ocrx_word' id='word_1_112' title='bbox 798 2073 826 2125; x_wconf 89' lang='lat' dir='ltr'><strong>iu</strong></span> <span class='ocrx_word' id='word_1_113' title='bbox 844 2071 972 2139; x_wconf 78' lang='lat' dir='ltr'><strong>legione,</strong></span> <span class='ocrx_word' id='word_1_114' title='bbox 1005 2071 1055 2124; x_wconf 84' lang='lat' dir='ltr'><strong>sed</strong></span> <span class='ocrx_word' id='word_1_115' title='bbox 1075 2087 1135 2124; x_wconf 87' lang='lat' dir='ltr'><strong>cum</strong></span> <span class='ocrx_word' id='word_1_116' title='bbox 1153 2072 1282 2128; x_wconf 84' lang='lat' dir='ltr'><strong>evocatis</strong></span> <span class='ocrx_word' id='word_1_117' title='bbox 1298 2083 1330 2129; x_wconf 80' lang='lat' dir='ltr'><strong>et</strong></span> <span class='ocrx_word' id='word_1_118' title='bbox 1346 2089 1392 2127; x_wconf 89' lang='lat' dir='ltr'><strong>co·</strong></span> 
     </span>
     <span class='ocr_line' id='line_1_16' title="bbox 357 2164 1391 2235; baseline 0.001 -15"><span class='ocrx_word' id='word_1_119' title='bbox 357 2166 487 2222; x_wconf 83' lang='lat' dir='ltr'><strong>hortibus</strong></span> <span class='ocrx_word' id='word_1_120' title='bbox 506 2165 658 2234; x_wconf 82' lang='lat' dir='ltr'><strong>praetoriis</strong></span> <span class='ocrx_word' id='word_1_121' title='bbox 674 2167 836 2231; x_wconf 84' lang='lat' dir='ltr'><strong>coujunctos</strong></span> <span class='ocrx_word' id='word_1_122' title='bbox 854 2165 954 2232; x_wconf 86' lang='lat' dir='ltr'><strong>luisse,</strong></span> <span class='ocrx_word' id='word_1_123' title='bbox 988 2164 1053 2217; x_wconf 81' lang='lat' dir='ltr'><strong>duur</strong></span> <span class='ocrx_word' id='word_1_124' title='bbox 1071 2164 1106 2217; x_wconf 87' lang='lat' dir='ltr'><strong>ad</strong></span> <span class='ocrx_word' id='word_1_125' title='bbox 1125 2164 1258 2219; x_wconf 84' lang='lat' dir='ltr'><strong>altiorem</strong></span> <span class='ocrx_word' id='word_1_126' title='bbox 1278 2167 1391 2235; x_wconf 72' lang='lat' dir='ltr'><strong>gratis·</strong></span> 
     </span>
     <span class='ocr_line' id='line_1_17' title="bbox 358 2257 1391 2331; baseline 0.005 -18"><span class='ocrx_word' id='word_1_127' title='bbox 358 2272 594 2330; x_wconf 76' lang='lat' dir='ltr'><strong>promoverentur.</strong></span> <span class='ocrx_word' id='word_1_128' title='bbox 632 2262 815 2314; x_wconf 61' lang='lat' dir='ltr'><strong>&amp;oculorum</strong></span> <span class='ocrx_word' id='word_1_129' title='bbox 840 2269 931 2314; x_wconf 80' lang='lat' dir='ltr'><strong>autem</strong></span> <span class='ocrx_word' id='word_1_130' title='bbox 957 2275 1056 2312; x_wconf 81' lang='lat' dir='ltr'><strong>nomen</strong></span> <span class='ocrx_word' id='word_1_131' title='bbox 1084 2257 1216 2313; x_wconf 79' lang='lat' dir='ltr'><strong>beneficii</strong></span> <span class='ocrx_word' id='word_1_132' title='bbox 1239 2269 1327 2331; x_wconf 80' lang='lat' dir='ltr'><strong>atque</strong></span> <span class='ocrx_word' id='word_1_133' title='bbox 1343 2263 1391 2317; x_wconf 85' lang='lat' dir='ltr'><strong>bo·</strong></span> 
     </span>
     <span class='ocr_line' id='line_1_18' title="bbox 356 2352 1390 2421; baseline 0.003 -15"><span class='ocrx_word' id='word_1_134' title='bbox 356 2355 434 2408; x_wconf 85' lang='lat' dir='ltr'><strong>noris</strong></span> <span class='ocrx_word' id='word_1_135' title='bbox 453 2355 551 2410; x_wconf 86' lang='lat' dir='ltr'><strong>titulus</strong></span> <span class='ocrx_word' id='word_1_136' title='bbox 569 2364 642 2418; x_wconf 79' lang='lat' dir='ltr'><strong>erat,</strong></span> <span class='ocrx_word' id='word_1_137' title='bbox 675 2368 758 2420; x_wconf 74' lang='lat' dir='ltr'><strong>quen</strong></span> <span class='ocrx_word' id='word_1_138' title='bbox 776 2353 823 2420; x_wconf 89' lang='lat' dir='ltr'><strong>qui</strong></span> <span class='ocrx_word' id='word_1_139' title='bbox 843 2363 1010 2421; x_wconf 86' lang='lat' dir='ltr'><strong>acceperunt</strong></span> <span class='ocrx_word' id='word_1_140' title='bbox 1026 2353 1062 2406; x_wconf 88' lang='lat' dir='ltr'><strong>ab</strong></span> <span class='ocrx_word' id='word_1_141' title='bbox 1080 2352 1268 2421; x_wconf 82' lang='lat' dir='ltr'><strong>imperatore,</strong></span> <span class='ocrx_word' id='word_1_142' title='bbox 1298 2355 1327 2409; x_wconf 88' lang='lat' dir='ltr'><strong>iu</strong></span> <span class='ocrx_word' id='word_1_143' title='bbox 1345 2371 1390 2409; x_wconf 88' lang='lat' dir='ltr'><strong>oo·</strong></span> 
     </span>
     <span class='ocr_line' id='line_1_19' title="bbox 357 2446 1389 2518; baseline 0.006 -17"><span class='ocrx_word' id='word_1_144' title='bbox 357 2449 486 2502; x_wconf 82' lang='lat' dir='ltr'><strong>hortibus</strong></span> <span class='ocrx_word' id='word_1_145' title='bbox 510 2447 662 2518; x_wconf 85' lang='lat' dir='ltr'><strong>praetoriis</strong></span> <span class='ocrx_word' id='word_1_146' title='bbox 685 2462 794 2501; x_wconf 83' lang='lat' dir='ltr'><strong>merere</strong></span> <span class='ocrx_word' id='word_1_147' title='bbox 819 2463 874 2500; x_wconf 89' lang='lat' dir='ltr'><strong>uon</strong></span> <span class='ocrx_word' id='word_1_148' title='bbox 898 2447 1065 2501; x_wconf 70' lang='lat' dir='ltr'><strong>desinebant</strong></span> <span class='ocrx_word' id='word_1_149' title='bbox 1083 2446 1129 2513; x_wconf 76' lang='lat' dir='ltr'><strong>(cl.</strong></span> <span class='ocrx_word' id='word_1_150' title='bbox 1147 2448 1224 2502; x_wconf 77' lang='lat' dir='ltr'><strong>illst.</strong></span> <span class='ocrx_word' id='word_1_151' title='bbox 1240 2456 1313 2505; x_wconf 72' lang='lat' dir='ltr'><strong>utcu.</strong></span> <span class='ocrx_word' id='word_1_152' title='bbox 1329 2451 1389 2518; x_wconf 75' lang='lat'><strong>62).</strong></span> 
     </span>
     <span class='ocr_line' id='line_1_20' title="bbox 339 2541 981 2610; baseline 0.003 -16"><span class='ocrx_word' id='word_1_153' title='bbox 339 2543 447 2604; x_wconf 15' lang='lat' dir='ltr'><strong>&#39;Locus</strong></span> <span class='ocrx_word' id='word_1_154' title='bbox 465 2541 561 2596; x_wconf 74' lang='lat' dir='ltr'><strong>euleu</strong></span> <span class='ocrx_word' id='word_1_155' title='bbox 579 2543 692 2595; x_wconf 88' lang='lat' dir='ltr'><strong>notione</strong></span> <span class='ocrx_word' id='word_1_156' title='bbox 711 2541 786 2594; x_wconf 83' lang='lat' dir='ltr'><strong>inira</strong></span> <span class='ocrx_word' id='word_1_157' title='bbox 802 2545 847 2597; x_wconf 84' lang='lat'><strong>37.</strong></span> <span class='ocrx_word' id='word_1_158' title='bbox 867 2542 981 2610; x_wconf 81' lang='lat' dir='ltr'><strong>iegitur.</strong></span> 
     </span>
    </p>
   </div>
   <div class='ocr_carea' id='block_1_5' title="bbox 340 2819 1388 3358">
    <p class='ocr_par' dir='ltr' id='par_1_7' title="bbox 340 2819 1388 3358">
     <span class='ocr_line' id='line_1_21' title="bbox 340 2819 1388 2894; baseline 0.002 -18"><span class='ocrx_word' id='word_1_159' title='bbox 340 2856 342 2863; x_wconf 75' lang='lat'><em>=</em></span> <span class='ocrx_word' id='word_1_160' title='bbox 422 2820 571 2889; x_wconf 78' lang='lat' dir='ltr'><strong>Equites</strong></span> <span class='ocrx_word' id='word_1_161' title='bbox 588 2819 819 2890; x_wconf 84' lang='lat' dir='ltr'><strong>praetoriani]</strong></span> <span class='ocrx_word' id='word_1_162' title='bbox 854 2819 900 2874; x_wconf 90' lang='lat' dir='ltr'><strong>De</strong></span> <span class='ocrx_word' id='word_1_163' title='bbox 919 2820 963 2873; x_wconf 87' lang='lat' dir='ltr'><strong>bis</strong></span> <span class='ocrx_word' id='word_1_164' title='bbox 979 2831 1008 2874; x_wconf 87' lang='lat' dir='ltr'><strong>et</strong></span> <span class='ocrx_word' id='word_1_165' title='bbox 1024 2820 1214 2889; x_wconf 69' lang='lat' dir='ltr'><strong>singularibus</strong></span> <span class='ocrx_word' id='word_1_166' title='bbox 1231 2822 1388 2894; x_wconf 73' lang='lat' dir='ltr'><strong>Imperato-</strong></span> 
     </span>
     <span class='ocr_line' id='line_1_22' title="bbox 353 2911 1387 2986; baseline 0.007 -19"><span class='ocrx_word' id='word_1_167' title='bbox 353 2912 396 2968; x_wconf 84' lang='lat' dir='ltr'><strong>ris</strong></span> <span class='ocrx_word' id='word_1_168' title='bbox 413 2918 466 2978; x_wconf 68' lang='lat'><strong>(²3.</strong></span> <span class='ocrx_word' id='word_1_169' title='bbox 485 2917 542 2978; x_wconf 79' lang='grc'><strong>39.)</strong></span> <span class='ocrx_word' id='word_1_170' title='bbox 559 2915 597 2965; x_wconf 84' lang='lat' dir='ltr'><strong>cl.</strong></span> <span class='ocrx_word' id='word_1_171' title='bbox 615 2914 688 2966; x_wconf 84' lang='lat' dir='ltr'><strong>llist.</strong></span> <span class='ocrx_word' id='word_1_172' title='bbox 706 2919 773 2964; x_wconf 80' lang='lat' dir='ltr'><strong>mul.</strong></span> <span class='ocrx_word' id='word_1_173' title='bbox 789 2914 833 2964; x_wconf 82' lang='grc'><strong>61.</strong></span> <span class='ocrx_word' id='word_1_174' title='bbox 876 2911 926 2965; x_wconf 88' lang='grc'><strong>1111</strong></span> <span class='ocrx_word' id='word_1_175' title='bbox 945 2913 1034 2967; x_wconf 86' lang='lat' dir='ltr'><strong>latere</strong></span> <span class='ocrx_word' id='word_1_176' title='bbox 1050 2916 1154 2970; x_wconf 82' lang='lat' dir='ltr'><strong>dextro</strong></span> <span class='ocrx_word' id='word_1_177' title='bbox 1171 2919 1331 2986; x_wconf 81' lang='lat' dir='ltr'><strong>praetorii,</strong></span> <span class='ocrx_word' id='word_1_178' title='bbox 1358 2915 1387 2973; x_wconf 73' lang='lat' dir='ltr'><strong>bi</strong></span> 
     </span>
     <span class='ocr_line' id='line_1_23' title="bbox 352 3006 1387 3077; baseline 0.006 -16"><span class='ocrx_word' id='word_1_179' title='bbox 352 3007 469 3061; x_wconf 83' lang='lat' dir='ltr'><strong>sinistro</strong></span> <span class='ocrx_word' id='word_1_180' title='bbox 486 3007 612 3071; x_wconf 80' lang='lat' dir='ltr'><strong>tendum,</strong></span> <span class='ocrx_word' id='word_1_181' title='bbox 627 3006 697 3072; x_wconf 80' lang='lat' dir='ltr'><strong>quia</strong></span> <span class='ocrx_word' id='word_1_182' title='bbox 715 3006 845 3060; x_wconf 80' lang='lat' dir='ltr'><strong>dextrum</strong></span> <span class='ocrx_word' id='word_1_183' title='bbox 863 3009 936 3063; x_wconf 86' lang='lat' dir='ltr'><strong>latus</strong></span> <span class='ocrx_word' id='word_1_184' title='bbox 953 3013 1083 3077; x_wconf 78' lang='lat' dir='ltr'><strong>majorem</strong></span> <span class='ocrx_word' id='word_1_185' title='bbox 1101 3010 1235 3064; x_wconf 72' lang='lat' dir='ltr'><strong>bonorem</strong></span> <span class='ocrx_word' id='word_1_186' title='bbox 1257 3011 1387 3067; x_wconf 65' lang='lat' dir='ltr'><strong>bannim</strong></span> 
     </span>
     <span class='ocr_line' id='line_1_24' title="bbox 354 3094 1387 3171; baseline 0.007 -18"><span class='ocrx_word' id='word_1_187' title='bbox 354 3099 473 3154; x_wconf 82' lang='lat' dir='ltr'><strong>videtur.</strong></span> <span class='ocrx_word' id='word_1_188' title='bbox 518 3094 549 3153; x_wconf 89' lang='lat' dir='ltr'><strong>Si</strong></span> <span class='ocrx_word' id='word_1_189' title='bbox 569 3112 622 3151; x_wconf 90' lang='lat' dir='ltr'><strong>nou</strong></span> <span class='ocrx_word' id='word_1_190' title='bbox 640 3100 809 3167; x_wconf 78' lang='lat' dir='ltr'><strong>imperator,</strong></span> <span class='ocrx_word' id='word_1_191' title='bbox 846 3102 895 3156; x_wconf 78' lang='lat' dir='ltr'><strong>sed</strong></span> <span class='ocrx_word' id='word_1_192' title='bbox 918 3104 992 3156; x_wconf 83' lang='lat' dir='ltr'><strong>alius</strong></span> <span class='ocrx_word' id='word_1_193' title='bbox 1008 3104 1069 3156; x_wconf 75' lang='lat' dir='ltr'><strong>dux</strong></span> <span class='ocrx_word' id='word_1_194' title='bbox 1085 3104 1241 3158; x_wconf 70' lang='lat' dir='ltr'><strong>exercitum</strong></span> <span class='ocrx_word' id='word_1_195' title='bbox 1261 3105 1387 3171; x_wconf 75' lang='lat' dir='ltr'><strong>docebar,</strong></span> 
     </span>
     <span class='ocr_line' id='line_1_25' title="bbox 355 3192 1340 3262; baseline 0.009 -17"><span class='ocrx_word' id='word_1_196' title='bbox 355 3193 399 3246; x_wconf 84' lang='lat' dir='ltr'><strong>uel</strong></span> <span class='ocrx_word' id='word_1_197' title='bbox 414 3193 465 3245; x_wconf 85' lang='lat' dir='ltr'><strong>-lric</strong></span> <span class='ocrx_word' id='word_1_198' title='bbox 482 3192 593 3258; x_wconf 84' lang='lat' dir='ltr'><strong>equites</strong></span> <span class='ocrx_word' id='word_1_199' title='bbox 611 3193 732 3246; x_wconf 67' lang='lat' dir='ltr'><strong>sekctos</strong></span> <span class='ocrx_word' id='word_1_200' title='bbox 748 3207 841 3247; x_wconf 86' lang='lat' dir='ltr'><strong>secum</strong></span> <span class='ocrx_word' id='word_1_201' title='bbox 860 3193 957 3248; x_wconf 77' lang='lat' dir='ltr'><strong>babuit</strong></span> <span class='ocrx_word' id='word_1_202' title='bbox 975 3196 1044 3261; x_wconf 79' lang='lat' dir='ltr'><strong>(los.</strong></span> <span class='ocrx_word' id='word_1_203' title='bbox 1062 3196 1099 3250; x_wconf 89' lang='lat' dir='ltr'><strong>B.</strong></span> <span class='ocrx_word' id='word_1_204' title='bbox 1116 3196 1180 3249; x_wconf 84' lang='lat' dir='ltr'><strong>Jul.</strong></span> <span class='ocrx_word' id='word_1_205' title='bbox 1197 3198 1225 3258; x_wconf 78' lang='grc'><strong>9.</strong></span> <span class='ocrx_word' id='word_1_206' title='bbox 1242 3201 1272 3259; x_wconf 77' lang='grc' dir='ltr'><strong>ὅ,</strong></span> <span class='ocrx_word' id='word_1_207' title='bbox 1290 3200 1340 3262; x_wconf 78' lang='grc'><strong>6.).</strong></span> 
     </span>
     <span class='ocr_line' id='line_1_26' title="bbox 422 3285 1385 3358; baseline 0.004 -16"><span class='ocrx_word' id='word_1_208' title='bbox 422 3285 593 3354; x_wconf 78' lang='lat' dir='ltr'><strong>sinistro]</strong></span> <span class='ocrx_word' id='word_1_209' title='bbox 618 3287 661 3341; x_wconf 86' lang='lat' dir='ltr'><strong>ita</strong></span> <span class='ocrx_word' id='word_1_210' title='bbox 678 3286 805 3341; x_wconf 84' lang='lat' dir='ltr'><strong>correxit</strong></span> <span class='ocrx_word' id='word_1_211' title='bbox 823 3287 991 3355; x_wconf 84' lang='lat' dir='ltr'><strong>Rutgersius</strong></span> <span class='ocrx_word' id='word_1_212' title='bbox 1008 3302 1120 3355; x_wconf 87' lang='lat' dir='ltr'><strong>quoque</strong></span> <span class='ocrx_word' id='word_1_213' title='bbox 1137 3289 1158 3343; x_wconf 91' lang='lat' dir='ltr'><strong>l.</strong></span> <span class='ocrx_word' id='word_1_214' title='bbox 1175 3304 1200 3344; x_wconf 89' lang='lat' dir='ltr'><strong>c.</strong></span> <span class='ocrx_word' id='word_1_215' title='bbox 1220 3292 1309 3358; x_wconf 69' lang='lat' dir='ltr'><strong>rabi.</strong></span> <span class='ocrx_word' id='word_1_216' title='bbox 1343 3289 1385 3345; x_wconf 77' lang='lat' dir='ltr'><strong>uo</strong></span> 
     </span>
    </p>
   </div>
   <div class='ocr_carea' id='block_1_6' title="bbox 232 3381 1383 3823">
    <p class='ocr_par' dir='ltr' id='par_1_8' title="bbox 353 3381 778 3458">
     <span class='ocr_line' id='line_1_27' title="bbox 353 3381 778 3458; baseline -0.007 -23"><span class='ocrx_word' id='word_1_217' title='bbox 353 3381 514 3449; x_wconf 82' lang='lat' dir='ltr'><strong>corruptela</strong></span> <span class='ocrx_word' id='word_1_218' title='bbox 532 3382 575 3458; x_wconf 54' lang='lat' dir='ltr'><strong>cl.¹</strong></span> <span class='ocrx_word' id='word_1_219' title='bbox 588 3381 673 3450; x_wconf 89' lang='lat' dir='ltr'><strong>paulo</strong></span> <span class='ocrx_word' id='word_1_220' title='bbox 693 3381 778 3434; x_wconf 90' lang='lat' dir='ltr'><strong>inlra.</strong></span> 
     </span>
    </p>

    <p class='ocr_par' dir='ltr' id='par_1_9' title="bbox 232 3473 1383 3823">
     <span class='ocr_line' id='line_1_28' title="bbox 421 3473 1383 3546; baseline 0.005 -18"><span class='ocrx_word' id='word_1_221' title='bbox 421 3473 567 3528; x_wconf 77' lang='lat' dir='ltr'><strong>Quorum</strong></span> <span class='ocrx_word' id='word_1_222' title='bbox 591 3474 620 3528; x_wconf 90' lang='lat' dir='ltr'><strong>si</strong></span> <span class='ocrx_word' id='word_1_223' title='bbox 645 3478 753 3543; x_wconf 82' lang='lat' dir='ltr'><strong>muJ’or</strong></span> <span class='ocrx_word' id='word_1_224' title='bbox 770 3490 928 3529; x_wconf 85' lang='lat' dir='ltr'><strong>numerus</strong></span> <span class='ocrx_word' id='word_1_225' title='bbox 951 3474 1071 3543; x_wconf 87' lang='lat' dir='ltr'><strong>luerit]</strong></span> <span class='ocrx_word' id='word_1_226' title='bbox 1106 3477 1237 3546; x_wconf 79' lang='lat' dir='ltr'><strong>Apparet</strong></span> <span class='ocrx_word' id='word_1_227' title='bbox 1264 3477 1334 3531; x_wconf 83' lang='lat' dir='ltr'><strong>binc</strong></span> <span class='ocrx_word' id='word_1_228' title='bbox 1357 3483 1383 3533; x_wconf 64' lang='lat' dir='ltr'>d</span> 
     </span>
     <span class='ocr_line' id='line_1_29' title="bbox 351 3566 1383 3640; baseline 0.003 -20"><span class='ocrx_word' id='word_1_229' title='bbox 351 3568 596 3635; x_wconf 83' lang='lat' dir='ltr'><strong>exsequentibus,</strong></span> <span class='ocrx_word' id='word_1_230' title='bbox 614 3583 755 3620; x_wconf 75' lang='lat' dir='ltr'><strong>numerum</strong></span> <span class='ocrx_word' id='word_1_231' title='bbox 770 3579 876 3620; x_wconf 84' lang='lat' dir='ltr'><strong>certum</strong></span> <span class='ocrx_word' id='word_1_232' title='bbox 892 3583 982 3635; x_wconf 87' lang='lat' dir='ltr'><strong>aeque</strong></span> <span class='ocrx_word' id='word_1_233' title='bbox 995 3566 1177 3635; x_wconf 71' lang='lat' dir='ltr'><strong>singularium</strong></span> <span class='ocrx_word' id='word_1_234' title='bbox 1191 3584 1288 3636; x_wconf 80' lang='lat' dir='ltr'><strong>usque</strong></span> <span class='ocrx_word' id='word_1_235' title='bbox 1306 3584 1383 3640; x_wconf 81' lang='lat' dir='ltr'><strong>praa·</strong></span> 
     </span>
     <span class='ocr_line' id='line_1_30' title="bbox 232 3644 1383 3730; baseline 0.003 -15"><span class='ocrx_word' id='word_1_236' title='bbox 232 3644 235 3654; x_wconf 49' lang='lat'>¹</span> <span class='ocrx_word' id='word_1_237' title='bbox 351 3662 522 3716; x_wconf 84' lang='lat' dir='ltr'><strong>toriunoruru</strong></span> <span class='ocrx_word' id='word_1_238' title='bbox 539 3661 663 3727; x_wconf 81' lang='lat' dir='ltr'><strong>equitum</strong></span> <span class='ocrx_word' id='word_1_239' title='bbox 682 3661 782 3727; x_wconf 73' lang='lat' dir='ltr'><strong>luisse3</strong></span> <span class='ocrx_word' id='word_1_240' title='bbox 809 3672 981 3730; x_wconf 81' lang='lat' dir='ltr'><strong>quapropter</strong></span> <span class='ocrx_word' id='word_1_241' title='bbox 996 3662 1125 3730; x_wconf 74' lang='lat' dir='ltr'><strong>Hyginus</strong></span> <span class='ocrx_word' id='word_1_242' title='bbox 1142 3661 1305 3716; x_wconf 74' lang='lat' dir='ltr'><strong>accuratius</strong></span> <span class='ocrx_word' id='word_1_243' title='bbox 1321 3677 1383 3718; x_wconf 86' lang='lat' dir='ltr'><strong>ooo-</strong></span> 
     </span>
     <span class='ocr_line' id='line_1_31' title="bbox 350 3739 1381 3823; baseline 0.003 -13"><span class='ocrx_word' id='word_1_244' title='bbox 350 3755 457 3820; x_wconf 80' lang='lat' dir='ltr'><strong>nnun,</strong></span> <span class='ocrx_word' id='word_1_245' title='bbox 492 3754 562 3822; x_wconf 78' lang='lat' dir='ltr'><strong>qua</strong></span> <span class='ocrx_word' id='word_1_246' title='bbox 581 3756 609 3808; x_wconf 79' lang='lat' dir='ltr'><strong>n</strong></span> <span class='ocrx_word' id='word_1_247' title='bbox 629 3756 750 3809; x_wconf 76' lang='lat' dir='ltr'><strong>arvenis</strong></span> <span class='ocrx_word' id='word_1_248' title='bbox 767 3757 889 3811; x_wconf 70' lang='lat' dir='ltr'><strong>nauem</strong></span> <span class='ocrx_word' id='word_1_249' title='bbox 905 3755 944 3809; x_wconf 70' lang='lat' dir='ltr'><strong>stt</strong></span> <span class='ocrx_word' id='word_1_250' title='bbox 962 3755 1127 3810; x_wconf 75' lang='lat' dir='ltr'><strong>facienoum.</strong></span> <span class='ocrx_word' id='word_1_251' title='bbox 1171 3739 1326 3823; x_wconf 60' lang='lat' dir='ltr'><strong>nequest</strong></span> <span class='ocrx_word' id='word_1_252' title='bbox 1338 3772 1381 3813; x_wconf 65' lang='lat' dir='ltr'><strong>a·</strong></span> 
     </span>
    </p>
   </div>
   <div class='ocr_carea' id='block_1_7' title="bbox 349 3847 1382 4290">
    <p class='ocr_par' dir='ltr' id='par_1_10' title="bbox 349 3847 1382 4290">
     <span class='ocr_line' id='line_1_32' title="bbox 350 3847 1382 3917; baseline 0.003 -16"><span class='ocrx_word' id='word_1_253' title='bbox 350 3849 500 3915; x_wconf 86' lang='lat' dir='ltr'><strong>quentibus</strong></span> <span class='ocrx_word' id='word_1_254' title='bbox 518 3848 624 3914; x_wconf 86' lang='lat' dir='ltr'><strong>elucet,</strong></span> <span class='ocrx_word' id='word_1_255' title='bbox 657 3848 710 3900; x_wconf 88' lang='lat' dir='ltr'><strong>nisi</strong></span> <span class='ocrx_word' id='word_1_256' title='bbox 730 3848 813 3902; x_wconf 91' lang='lat' dir='ltr'><strong>uirnis</strong></span> <span class='ocrx_word' id='word_1_257' title='bbox 829 3847 950 3914; x_wconf 81' lang='lat' dir='ltr'><strong>exiguus</strong></span> <span class='ocrx_word' id='word_1_258' title='bbox 968 3862 1096 3901; x_wconf 83' lang='lat' dir='ltr'><strong>numerus</strong></span> <span class='ocrx_word' id='word_1_259' title='bbox 1114 3863 1211 3901; x_wconf 85' lang='lat' dir='ltr'><strong>eorum</strong></span> <span class='ocrx_word' id='word_1_260' title='bbox 1228 3849 1333 3917; x_wconf 83' lang='lat' dir='ltr'><strong>luerit,</strong></span> <span class='ocrx_word' id='word_1_261' title='bbox 1355 3856 1382 3903; x_wconf 79' lang='lat' dir='ltr'><strong>al</strong></span> 
     </span>
     <span class='ocr_line' id='line_1_33' title="bbox 349 3938 1381 4009; baseline 0.007 -16"><span class='ocrx_word' id='word_1_262' title='bbox 349 3941 541 4007; x_wconf 78' lang='lat' dir='ltr'><strong>singularibus</strong></span> <span class='ocrx_word' id='word_1_263' title='bbox 559 3951 586 3994; x_wconf 88' lang='lat' dir='ltr'><strong>et</strong></span> <span class='ocrx_word' id='word_1_264' title='bbox 605 3941 790 4009; x_wconf 85' lang='lat' dir='ltr'><strong>praetorianis</strong></span> <span class='ocrx_word' id='word_1_265' title='bbox 806 3955 882 3993; x_wconf 81' lang='lat' dir='ltr'><strong>suoru</strong></span> <span class='ocrx_word' id='word_1_266' title='bbox 901 3938 1027 4006; x_wconf 84' lang='lat' dir='ltr'><strong>utrisque</strong></span> <span class='ocrx_word' id='word_1_267' title='bbox 1047 3941 1162 4008; x_wconf 74' lang='lat' dir='ltr'><strong>strigam</strong></span> <span class='ocrx_word' id='word_1_268' title='bbox 1180 3942 1225 3995; x_wconf 84' lang='lat' dir='ltr'><strong>vel</strong></span> <span class='ocrx_word' id='word_1_269' title='bbox 1243 3941 1381 3999; x_wconf 69' lang='grc'><strong>1111111111-</strong></span> 
     </span>
     <span class='ocr_line' id='line_1_34' title="bbox 350 4033 1381 4105; baseline 0.003 -19"><span class='ocrx_word' id='word_1_270' title='bbox 350 4033 427 4102; x_wconf 73' lang='lat' dir='ltr'><strong>giuru</strong></span> <span class='ocrx_word' id='word_1_271' title='bbox 446 4033 538 4086; x_wconf 86' lang='lat' dir='ltr'><strong>datum</strong></span> <span class='ocrx_word' id='word_1_272' title='bbox 556 4050 624 4088; x_wconf 82' lang='lat' dir='ltr'><strong>esse.</strong></span> <span class='ocrx_word' id='word_1_273' title='bbox 661 4035 694 4088; x_wconf 90' lang='lat' dir='ltr'><strong>lu</strong></span> <span class='ocrx_word' id='word_1_274' title='bbox 713 4035 802 4103; x_wconf 76' lang='lat' dir='ltr'><strong>striga</strong></span> <span class='ocrx_word' id='word_1_275' title='bbox 819 4045 908 4089; x_wconf 84' lang='lat' dir='ltr'><strong>auteur</strong></span> <span class='ocrx_word' id='word_1_276' title='bbox 928 4037 979 4090; x_wconf 76' lang='lat'><strong>72⁰</strong></span> <span class='ocrx_word' id='word_1_277' title='bbox 997 4035 1086 4105; x_wconf 84' lang='lat' dir='ltr'><strong>pedes</strong></span> <span class='ocrx_word' id='word_1_278' title='bbox 1103 4035 1190 4102; x_wconf 81' lang='lat' dir='ltr'><strong>longa</strong></span> <span class='ocrx_word' id='word_1_279' title='bbox 1206 4036 1256 4102; x_wconf 85' lang='lat' dir='ltr'><strong>(cl.</strong></span> <span class='ocrx_word' id='word_1_280' title='bbox 1276 4040 1317 4105; x_wconf 88' lang='grc'><strong>9.)</strong></span> <span class='ocrx_word' id='word_1_281' title='bbox 1332 4037 1381 4093; x_wconf 61' lang='lat' dir='ltr'><strong><em>m</em></strong></span> 
     </span>
     <span class='ocr_line' id='line_1_35' title="bbox 349 4124 1380 4207; baseline 0.009 -27"><span class='ocrx_word' id='word_1_282' title='bbox 349 4124 459 4192; x_wconf 79' lang='lat' dir='ltr'><strong>equites</strong></span> <span class='ocrx_word' id='word_1_283' title='bbox 483 4125 598 4180; x_wconf 83' lang='lat' dir='ltr'><strong>tendere</strong></span> <span class='ocrx_word' id='word_1_284' title='bbox 622 4138 752 4195; x_wconf 84' lang='lat' dir='ltr'><strong>possunt,</strong></span> <span class='ocrx_word' id='word_1_285' title='bbox 787 4128 811 4180; x_wconf 89' lang='lat' dir='ltr'><strong>si</strong></span> <span class='ocrx_word' id='word_1_286' title='bbox 830 4128 858 4181; x_wconf 90' lang='lat' dir='ltr'><strong>iu</strong></span> <span class='ocrx_word' id='word_1_287' title='bbox 884 4127 1005 4195; x_wconf 73' lang='lat' dir='ltr'><strong>singulis</strong></span> <span class='ocrx_word' id='word_1_288' title='bbox 1028 4129 1171 4198; x_wconf 87' lang='lat' dir='ltr'><strong>equitibus</strong></span> <span class='ocrx_word' id='word_1_289' title='bbox 1195 4134 1274 4188; x_wconf 85' lang='lat' dir='ltr'><strong>tarni</strong></span> <span class='ocrx_word' id='word_1_290' title='bbox 1298 4134 1380 4207; x_wconf 71' lang='lat' dir='ltr'><strong>pedu</strong></span> 
     </span>
     <span class='ocr_line' id='line_1_36' title="bbox 350 4220 1158 4290; baseline 0.005 -17"><span class='ocrx_word' id='word_1_291' title='bbox 350 4229 557 4290; x_wconf 81' lang='lat' dir='ltr'><strong>computantur,</strong></span> <span class='ocrx_word' id='word_1_292' title='bbox 582 4232 610 4276; x_wconf 87' lang='lat' dir='ltr'><strong>ut</strong></span> <span class='ocrx_word' id='word_1_293' title='bbox 627 4220 660 4277; x_wconf 82' lang='lat' dir='ltr'><strong>fis</strong></span> <span class='ocrx_word' id='word_1_294' title='bbox 677 4221 705 4274; x_wconf 89' lang='lat' dir='ltr'><strong>iu</strong></span> <span class='ocrx_word' id='word_1_295' title='bbox 719 4221 866 4288; x_wconf 85' lang='lat' dir='ltr'><strong>equitibus</strong></span> <span class='ocrx_word' id='word_1_296' title='bbox 883 4222 1007 4278; x_wconf 81' lang='lat' dir='ltr'><strong>alaribus</strong></span> <span class='ocrx_word' id='word_1_297' title='bbox 1025 4226 1077 4289; x_wconf 80' lang='grc'><strong>(16.</strong></span> <span class='ocrx_word' id='word_1_298' title='bbox 1093 4222 1158 4290; x_wconf 69' lang='lat' dir='ltr'><strong>bb).</strong></span> 
     </span>
    </p>
   </div>
   <div class='ocr_carea' id='block_1_8' title="bbox 0 0 1750 5242">
    <p class='ocr_par' dir='ltr' id='par_1_11' title="bbox 0 0 1750 5242">
     <span class='ocr_line' id='line_1_37' title="bbox 0 0 1750 5242; baseline 0 8"><span class='ocrx_word' id='word_1_299' title='bbox 0 0 1750 5242; x_wconf 95' lang='lat' dir='ltr'><strong> </strong></span> 
     </span>
    </p>
   </div>
  </div>
 </body>
</html>
