3492 5242
852 647 908 724 tto

364 856 548 927 Consilium
566 864 716 938 eertum,
743 878 784 920 ex
811 876 878 943 quo
904 851 984 916 ordo
1005 861 1037 916 ct
1058 848 1230 940 dispositio
1258 850 1401 938 portium

363 967 564 1054 singularum
593 964 819 1054 explicantur,
854 968 988 1026 secutus
1015 971 1066 1026 est
1092 970 1227 1042 auctor,
1260 961 1345 1026 adeo
1367 971 1401 1026 ut

243 1141 245 1144 ,
361 1071 539 1164 rejicienda
570 1076 614 1141 sit
641 1073 804 1140 unientis
827 1070 971 1153 Zeissii,
1001 1070 1060 1159 qui
1085 1079 1188 1134 totum
1214 1069 1339 1135 librum
1362 1095 1399 1136 cx

360 1200 500 1278 quatuor
521 1183 714 1270 centonibus
741 1184 851 1273 inepte
873 1181 1133 1249 consarcinatum
1161 1202 1233 1244 esse
1264 1179 1400 1245 arbitrr·

360 1298 479 1376 inr⁵⁵).
524 1294 618 1379 Quae
638 1318 713 1362 curu
730 1293 782 1360 ita
803 1292 893 1374 sin-t,
928 1291 1031 1356 donec
1054 1289 1259 1376 gravioribus
1282 1290 1399 1355 certio·

359 1406 516 1494 ribusque
543 1399 743 1491 argumentis
772 1399 813 1467 dc
842 1397 1006 1464 contrario
1039 1398 1120 1464 mihi
1151 1398 1398 1486 persuadeatur,

358 1515 394 1580 iu
415 1537 453 1580 eu
475 1511 635 1579 sententio
655 1519 788 1600 persto,
822 1515 858 1571 nt
883 1505 1004 1570 librum
1025 1505 1066 1571 dc
1094 1504 1256 1571 limitibus
1277 1507 1398 1572 consti·

358 1621 488 1688 tuendis
507 1618 643 1705 Trujuni
674 1614 803 1706 uoquuli
823 1613 1074 1680 adscribendum
1097 1638 1169 1680 esse
1199 1614 1396 1682 existimem.

358 1731 476 1797 Utrum
503 1739 610 1794 ntem
638 1726 744 1810 tituli,
776 1726 897 1815 quibus
918 1735 951 1790 ct
980 1725 1034 1789 liic
1062 1725 1170 1809 liber,
1205 1735 1238 1789 et
1258 1724 1344 1793 ulter
1363 1725 1398 1791 in

358 1839 469 1905 codice
489 1836 671 1902 Arccrisno
691 1835 918 1902 inscribuntur
928 1832 994 1920 ⁶⁶),
1026 1835 1108 1902 recti
1130 1834 1213 1919 sint,
1242 1858 1284 1900 sn
1306 1834 1397 1917 fulsi,

424 2097 472 2162 55)
506 2095 630 2152 Ouatuor
655 2095 722 2150 illos
749 2106 881 2151 centones
904 2095 1053 2168 complecti
1073 2108 1152 2166 putat
1171 2097 1287 2166 paginas
1306 2100 1395 2155 lto-

358 2193 423 2258 159,
451 2191 614 2256 rso-lot,
641 2189 805 2256 lut-lii,
834 2192 981 2245 rit—rou
1006 2191 1050 2246 cd.
1070 2191 1155 2247 Goes.
1192 2191 1275 2248 Quod
1303 2193 1396 2260 iocus,

355 2285 404 2354 qui
430 2291 474 2338 est
499 2301 527 2353 p.
547 2285 709 2348 lot-lit,
734 2283 860 2339 conciuit
877 2302 940 2341 curu
967 2287 1041 2342 iocis
1065 2288 1209 2342 nonnuliis
1230 2288 1317 2357 libri,
1342 2292 1395 2358 'qni

354 2381 485 2452 poeticon
505 2380 713 2434 astronomicus
733 2379 917 2446 inscribitur,
937 2380 1035 2434 efferri
1056 2397 1109 2435 non
1129 2380 1211 2436 debet
1228 2395 1328 2440 contro
1347 2401 1396 2439 uu·

354 2474 487 2530 thentiurn
514 2472 584 2526 libri
605 2471 641 2524 de
667 2470 807 2524 limitibus
829 2473 1051 2542 constituendis;
1080 2476 1136 2529 imo
1155 2488 1197 2531 est
1216 2477 1289 2531 illud
1309 2495 1395 2547 argu·

353 2575 472 2621 neutum
489 2581 527 2618 ex
544 2579 640 2617 eorum
663 2579 792 2631 numero,
814 2564 918 2632 quibus
936 2567 1016 2621 Zeiss
1040 2579 1116 2623 recte
1138 2570 1259 2640 probare
1284 2573 1395 2627 studuit

353 2663 393 2729 (p.
411 2660 494 2727 881),
518 2656 622 2711 librum
646 2674 760 2726 quoque
777 2668 853 2729 poet.
872 2669 937 2715 ustr.
958 2676 1023 2717 esse
1046 2663 1204 2732 profectum
1222 2665 1259 2719 ub
1276 2667 1396 2739 Hygino

353 2750 469 2821 Trujuui
486 2750 610 2821 ucquuli.
932 2745 934 2750 ¹

419 2847 466 2913 bb)
501 2845 607 2912 Libro,
626 2844 675 2912 qui
693 2845 766 2913 opud
786 2844 870 2898 Goes.
888 2861 917 2915 p.
937 2850 1073 2905 ibit-2⁰2
1089 2851 1209 2920 legitur,
1229 2857 1275 2910 cui
1295 2856 1396 2914 additu

352 2948 395 2993 est
416 2939 446 2993 iu
472 2939 534 2992 cod.
554 2940 620 2994 Arc.
648 2937 698 2991 lex
716 2939 844 2993 Muniliu
872 2940 921 3003 (G.
939 2943 1001 2997 339.
1018 2945 1100 3010 340),
1130 2944 1160 2998 in
1187 2948 1285 3019 priore
1310 2965 1395 3022 purte

352 3028 500 3083 Arccriuni
525 3029 730 3083 subscribitur:
755 3031 826 3100 Ezp.
845 3032 952 3101 Hypiui
973 3039 1125 3102 prometiri
1146 3044 1308 3100 constitutio
1325 3049 1394 3113 teli·

352 3124 441 3188 citer,
458 3123 491 3180 ,ιιι
509 3119 685 3191 posteriore:
704 3121 791 3175 Liber
809 3124 915 3192 Hypioi
930 3130 1104 3194 cromaticos
1121 3134 1253 3204 explicit,
1272 3154 1393 3206 quacum

351 3213 560 3286 subscriptione
582 3213 705 3269 concinit
729 3215 826 3270 titulus
850 3216 880 3271 in
906 3219 980 3274 folio
1006 3225 1054 3278 13⁷
1070 3223 1089 3276 b
1107 3228 1137 3279 Ιι
1172 3230 1230 3283 luc.
1256 3233 1305 3287 lib.
1331 3238 1393 3308 Hy·

350 3311 413 3382 'pini
433 3310 625 3381 promotiores,
654 3325 737 3377 quem
760 3324 920 3383 suspectum
943 3330 1004 3370 esse
1030 3332 1116 3388 supro
1138 3340 1166 3392 p.
1186 3327 1236 3388 31,
1257 3330 1292 3390 3)
1314 3328 1393 3385 vidi-

351 3412 421 3451 mus.
459 3399 564 3456 Verum
590 3401 672 3471 huius
689 3402 758 3457 iibri
778 3405 890 3460 titulum
914 3408 1001 3464 luisse
1020 3422 1102 3480 puto:
1126 3415 1161 3470 de
1183 3420 1302 3474 limitum
1323 3441 1392 3480 con-

351 3490 503 3547 stitutione.
546 3495 589 3549 cf.
609 3511 636 3564 p.
658 3498 717 3572 ibit.
737 3496 773 3550 G·
811 3499 905 3555 Foeda
931 3511 974 3558 esi
998 3507 1071 3561 euim
1090 3513 1277 3582 neyieyeuiioe
1291 3519 1391 3593 lculpn,

351 3599 413 3638 cum
431 3587 465 3640 de
485 3588 607 3644 limitum
624 3592 821 3649 constitutione
838 3597 1021 3667 disputemus,
1038 3607 1198 3673 praeterire
1215 3614 1255 3661 toi
1274 3626 1391 3680 operum

350 3683 485 3751 exempla.
504 3709 538 3723 -·
573 3685 659 3740 Alter
682 3684 759 3742 liber
779 3689 948 3750 inscribitur
972 3696 1002 3750 in
1023 3698 1086 3752 cod.
1106 3701 1190 3755 Arcu
1217 3706 1391 3761 1uc.deii-

350 3772 466 3830 mitidus
485 3777 608 3848 Hyyinir
635 3783 840 3844 subscribunn
871 3791 917 3844 Do
940 3792 1054 3849 limitis.
1073 3794 1180 3864 Hypiui
1205 3814 1264 3868 exp.
1293 3802 1390 3866 felici-

350 3870 403 3918 ier.
440 3867 523 3924 Hunc
546 3870 658 3927 titulum
679 3875 780 3932 fulsum
798 3894 860 3934 esse
883 3891 951 3952 puto
969 3886 1183 3957 profectumque
1201 3890 1282 3959 inde,
1310 3896 1390 3962 qnod
1418 3918 1421 3924 ¹

350 3958 535 4028 fragmentum
568 3966 606 4022 de
633 3968 771 4028 limitibus
806 3975 905 4043 (Goes.
928 3981 987 4038 203.
1012 3985 1089 4051 uos.)
1117 3984 1237 4052 reliquis
1265 3998 1390 4043 mentum

281 4081 286 4095 .
350 4068 418 4113 erut.
455 4060 514 4116 Sed
540 4078 639 4120 nornen
658 4068 783 4139 Hygini,
809 4073 933 4130 auctoris
955 4073 1024 4128 libri
1048 4075 1085 4131 de
1102 4078 1183 4133 cond.
1209 4093 1269 4149 ugr.
1297 4092 1327 4136 et
1350 4083 1389 4139 de

350 4159 440 4207 contr.
462 4169 527 4221 geu.
536 4190 546 4217 ‚
574 4168 726 4228 propterea
742 4175 798 4213 non
820 4163 956 4219 contiuuo
973 4180 1131 4237 suspectum
1149 4179 1207 4240 est3
1229 4185 1257 4230 et
1276 4177 1387 4234 etiamsi

351 4243 460 4316 Hygini
480 4263 580 4304 nomeu
598 4253 764 4311 auctoritate
782 4257 894 4314 codicis
913 4264 977 4318 Arc.
997 4262 1112 4320 dolendi
1131 4280 1186 4320 uon
1210 4269 1317 4338 possit,
1342 4281 1387 4327 to-
