3492 5242
837 563 1066 705 aa·

352 855 412 902 nes
433 842 500 900 tres
520 829 624 897 libros
644 831 810 922 profectos
835 854 909 898 esse
929 838 1084 920 putarunt
1103 853 1123 896 a
1141 827 1182 896 C.
1205 827 1301 896 Iulio
1320 828 1389 921 115·
1437 858 1439 891 :

351 943 453 1033 pino,
488 939 634 1030 Augusti
660 940 808 1026 -liloerto,
849 941 1067 1008 bibliothecae
1095 937 1262 1006 Palatinae
1299 963 1389 1031 prae·

350 1053 438 1117 fecto
455 1052 519 1134 33),
537 1049 608 1137 jam
629 1049 755 1140 pridem
777 1049 944 1141 antiquata
964 1059 1014 1114 est
1031 1051 1092 1130 ²⁹).
1148 1047 1183 1112 Is
1204 1046 1296 1113 enim
1321 1047 1390 1135 jam
1422 1078 1425 1083 ¹

331 1158 446 1224 initio
477 1158 573 1248 regni
592 1159 721 1226 Tiberii
752 1169 899 1226 mortuns
921 1167 971 1225 est
986 1153 1042 1242 ³⁰).
1098 1154 1197 1238 Quod
1225 1164 1334 1221 autem
1355 1154 1392 1221 in

256 1263 265 1273 ‘
350 1266 521 1333 nonnullis
537 1268 708 1335 codicibus
723 1267 850 1356 Hygini
865 1267 971 1332 nostri
990 1263 1118 1329 nomini
1134 1263 1232 1330 verba
1247 1267 1394 1349 Augusti

336 1376 485 1455 „libertus
505 1375 669 1466 adscripta
687 1385 765 1441 sunt
779 1374 842 1460 ³¹),
863 1372 948 1438 nihil
969 1371 1058 1437 aliud
1079 1371 1215 1461 probat,
1234 1370 1306 1437 nisi
1322 1371 1394 1457 jam

350 1483 502 1550 librarios
531 1483 669 1549 eundem
701 1506 845 1550 errorem
872 1481 1096 1564 commisisse,
1132 1480 1168 1545 in
1199 1503 1299 1570 quem
1330 1478 1394 1547 viri

350 1592 403 1659 illi
432 1590 521 1658 (loeti
547 1591 744 1659 Inciderunt.
811 1589 880 1674 Qui
908 1613 999 1655 error
1027 1611 1066 1654 eo
1099 1588 1229 1665 facilius
1262 1587 1394 1653 videtur

351 1701 466 1769 evitari
493 1701 659 1790 potuisse,
692 1701 860 1791 quoditie
893 1713 1004 1766 noster
1030 1701 1185 1790 Hyginus
1217 1700 1393 1788 agnomine

288 1846 293 1855 ’
353 1814 537 1880 aromatici
557 1811 598 1877 ab
620 1809 804 1900 antiquiore
825 1810 885 1875 illo
907 1810 1080 1876 distinctus
1102 1811 1230 1878 videtur
1251 1830 1326 1875 esse
1336 1811 1393 1886 ³²).

351 1923 402 1988 lta
423 1921 510 1987 enim
531 1920 777 2011 appellabantur
798 1946 817 1986 a
844 1943 976 2007 proma,
1009 1919 1226 1985 instrumento
1253 1918 1397 2008 quodam

352 2029 516 2097 mensorio
528 2035 591 2114 33),
622 2029 675 2116 ei,
705 2030 763 2121 qui
786 2043 888 2097 artem
914 2029 1132 2116 mensorium,
1161 2051 1245 2118 quae
1267 2027 1394 2118 praeei-

353 2275 457 2329 ooetrt'e
477 2275 627 2342 Romania,
655 2292 682 2345 p.
702 2276 745 2332 53.
765 2277 807 2332 tt.
842 2274 965 2331 ScrIver.
992 2274 1022 2329 in
1045 2275 1094 2329 fol.
1113 2276 1156 2329 21.
1181 2273 1275 2330 codici
1294 2278 1396 2331 Aruer.

353 2367 490 2438 praefixo.
533 2369 641 2437 Rigalt.
670 2368 700 2422 in
729 2377 786 2424 not.
814 2382 859 2439 ap.
886 2369 972 2423 Goes.
1000 2387 1027 2439 p.
1047 2370 1108 2423 211.
1152 2366 1257 2423 Schele
1283 2369 1395 2439 proleg.

352 2464 395 2519 29.
422 2462 502 2517 Zeiss
520 2465 582 2517 822.
1161 2500 1166 2507 ι

420 2559 467 2624 28)
503 2557 541 2613 V.
559 2555 671 2612 Sueton.
691 2554 728 2609 de
747 2554 793 2611 ill.
811 2571 928 2624 gramm.
947 2575 973 2613 o.
992 2559 1034 2613 20.
1069 2557 1162 2612 Bunte
1181 2557 1200 2610 1.
1221 2573 1247 2612 o.

420 2651 467 2714 29)
501 2650 584 2703 lluoc
602 2666 726 2704 errorem
745 2651 941 2706 commiserunt
959 2650 1052 2719 Raph.
1068 2650 1275 2707 Volaterranos
1293 2667 1394 2707 comat.

352 2746 414 2805 uri.
432 2745 516 2802 XVI.
541 2746 665 2810 (notatus
685 2760 702 2798 a
725 2744 875 2800 Scriverio
896 2746 971 2814 opud
997 2747 1184 2802 Muockerun
1209 2748 1240 2820 io
1264 2748 1336 2804 uisa.
1361 2752 1394 2805 de

353 2849 480 2908 anctore,
497 2844 568 2913 atplo
587 2848 614 2896 et
632 2847 723 2896 astute
741 2840 940 2912 nyssaeoque,
962 2858 1031 2911 quoe
1051 2843 1081 2897 G.
1100 2844 1172 2898 Jult't'
1190 2844 1313 2915 1199106,
1330 2847 1395 2900 Au·

353 2938 428 3006 potata*
444 2937 558 3000 liberet,
574 2951 673 2989 noman
687 2936 830 3004 praefert,
857 2951 885 3004 p.
904 2935 958 2999 2.),
983 2933 1144 3006 Gyraldus‚
1160 2937 1231 2994 dial.
1250 2939 1286 2993 de
1302 2939 1395 3009 portia

352 3031 467 3091 xv111.
488 3039 608 3093 (notatus
625 3044 642 3082 a
659 3029 817 3084 Muoekero
834 3029 874 3085 ib.
893 3049 920 3102 p.
937 3032 976 3098 4).
1010 3030 1181 3102 Nuperriroe
1199 3048 1317 3100 quoque
1333 3033 1396 3102 Eg-

354 3142 420 3195 ger,
447 3141 563 3180 nomen
581 3125 701 3195 critique
722 3126 773 3180 dea
789 3126 941 3184 historiens
959 3131 1123 3198 &Aequam
1147 3144 1175 3196 p.
1195 3129 1254 3183 100.
1276 3137 1396 3182 coutan-

355 3219 412 3286 dit,
430 3218 603 3287 argumentis
621 3230 713 3274 tamen
730 3235 785 3273 oon
801 3220 913 3288 allatis,
936 3221 1028 3276 libros
1046 3221 1233 3290 gromaticos,
1251 3233 1303 3277 aut·
1317 3232 1398 3279 certa

355 3314 504 3385 pristinam
530 3329 626 3367 eorum
648 3313 778 3380 formam,
806 3317 930 3383 Augusti
958 3316 1065 3370 liberto
1090 3315 1216 3369 adscribi
1243 3331 1335 3387 posse.
1361 3344 1397 3359 -·

355 3409 526 3478 Temporun
550 3408 622 3464 ratio
641 3406 715 3464 'huic
736 3411 894 3466 sententiae
910 3411 1018 3478 obstat3
1046 3426 1108 3466 nan
1126 3421 1155 3466 et
1182 3411 1257 3464 liber
1273 3410 1313 3465 (le
1333 3410 1399 3466 lint.-

357 3514 443 3559 coost.
462 3507 500 3571 (v.
519 3512 577 3558 not.
597 3502 643 3569 26)
664 3513 693 3558 et
717 3503 793 3558 liber
811 3506 847 3558 de
864 3519 937 3560 mun.
958 3513 1041 3560 castr.
1066 3505 1104 3571 (v.
1125 3504 1201 3559 infra
1219 3520 1247 3574 p.
1265 3504 1300 3560 61
1318 3505 1398 3573 squ.)

356 3597 479 3666 Augusti
497 3604 588 3651 aetate
605 3596 780 3653 recentiores
799 3607 871 3652 suot.

423 3692 470 3756 30)
505 3689 615 3745 colum.
634 3688 671 3744 de
688 3706 720 3745 re
738 3701 806 3746 rust.
827 3695 852 3756 1,
871 3694 899 3758 l,
918 3694 951 3748 13
969 3705 1012 3758 sq.
1046 3691 1139 3746 Bunte
1155 3691 1176 3744 1.
1196 3708 1220 3745 c.
1240 3707 1268 3758 p.
1290 3694 1332 3748 13.

424 3786 471 3849 31)
507 3784 593 3840 Goes.
612 3793 668 3840 not.
689 3801 718 3854 p.
738 3786 798 3841 162.
833 3783 913 3839 Zeiss
930 3782 952 3838 l.
970 3800 995 3838 c.
1013 3786 1074 3841 880.

424 3880 471 3943 32)
506 3877 636 3948 Hyginus
653 3876 728 3932 enlm
746 3877 775 3931 io
792 3874 1050 3947 subscriptionibus
1063 3877 1193 3933 codicum
1206 3891 1318 3948 semper
1335 3876 1400 3931 fera

357 3974 529 4046 promotione
541 3973 711 4040 nominatur,
729 3990 789 4029 cum
801 3973 924 4028 aliorum
939 3989 1097 4029 mensorum
1112 3973 1226 4027 nomino
1235 3971 1312 4027 nuda
1326 3971 1398 4041 poni

343 4069 475 4125 'soleant
509 4067 553 4123 ct.
572 4079 719 4140 praeterea
737 4066 903 4123 cassiodor.
925 4065 994 4121 var.
1012 4068 1040 4132 3,
1059 4069 1102 4124 62.
1119 4068 1160 4134 (io
1179 4073 1236 4122 not.
1254 4066 1311 4132 36).

425 4167 472 4234 33)
506 4165 583 4238 llyg.
608 4169 668 4221 163.
694 4165 751 4220 tot
769 4162 805 4218 G.
839 4162 884 4219 cf.
909 4162 1158 4235 inprimet.
1194 4160 1304 4215 Nonius
1327 4172 1351 4213 s.
1368 4172 1396 4211 r.

230 4296 237 4313 .
359 4260 460 4318 Festus
476 4259 1062 4331 sv.1.aurenuerg,9ramattca,p.1o.
1097 4256 1222 4323 Miller,
1248 4254 1397 4321 Etrnaler,
