3492 5242
827 650 909 729 stt

350 855 425 909 coeli
443 851 593 908 constituto
611 850 830 921 disputavimus,
859 853 889 906 in
908 855 1008 909 castris
1025 871 1079 910 aon
1096 865 1151 911 tam
1167 857 1263 913 lirmis
1280 850 1388 928 lag'ibas

351 947 499 1004 obseruari
522 954 688 1014 potueruut,
717 954 802 1011 atque
824 944 854 999 in
873 945 953 1013 agris
974 946 1159 1016 assignandis.
1206 949 1315 1020 Itaque
1333 954 1388 1022 lly-

352 1043 436 1111 ginus
460 1039 497 1092 de
519 1038 566 1095 bis
583 1038 657 1092 nibil
680 1035 836 1106 praecipit,
871 1036 928 1092 nisi
951 1049 983 1094 ut
1007 1051 1089 1110 porta
1113 1044 1260 1112 praetoria
1286 1045 1391 1101 bostem

351 1143 457 1206 spectet
474 1136 550 1201 (66).
592 1134 652 1187 Nec
669 1132 768 1187 desunt
785 1133 917 1203 exempla
934 1145 1087 1190 saeuorum
1105 1137 1145 1192 ita
1161 1136 1341 1207 positorum,
1367 1149 1393 1195 ut

351 1238 431 1299 porta
447 1228 592 1299 praetoria
611 1244 665 1283 non
688 1229 824 1283 orientem
842 1228 893 1282 sed
914 1228 997 1283 aliam
1015 1231 1092 1285 coeli
1111 1234 1257 1299 regione·
1282 1242 1392 1303 speeta-

352 1334 403 1378 ret
447 1322 598 1378 Meridiem
620 1321 762 1392 spectavit
784 1333 865 1391 ports
884 1324 1027 1392 praetoria
1044 1324 1074 1378 iu
1092 1325 1207 1386 eastris,
1234 1342 1313 1392 quae
1329 1327 1391 1384 Lis.

351 1419 396 1479 tt,
411 1419 455 1472 42
477 1417 580 1487 Polyb.
601 1419 642 1477 lu,
659 1419 684 1470 9.
703 1415 914 1485 descripserunt
931 1417 979 1483 (cl.
995 1417 1107 1472 Kleuze
1125 1420 1206 1486 146).
1242 1419 1323 1475 Viae
1339 1436 1391 1473 ma·

350 1528 423 1580 guse
440 1512 464 1565 si
483 1529 522 1565 ex
539 1524 637 1580 groma
660 1512 785 1565 directae
807 1523 903 1580 erant,
938 1509 1101 1581 gro-aeia
1123 1525 1284 1568 memorum
1308 1528 1390 1569 meta-

352 1607 432 1662 tione
450 1607 545 1660 nullus
560 1609 616 1674 jam
634 1623 699 1661 usus
715 1624 777 1661 esse
797 1611 897 1678 potuit.
933 1610 1057 1676 Reliqua
1074 1609 1148 1662 enim
1166 1609 1263 1663 omnia
1282 1608 1391 1663 dece·-

350 1701 433 1772 pedis
450 1701 574 1756 dimetiri
595 1712 722 1772 poterant
739 1719 889 1758 mensuret.
916 1704 991 1773 Veg.
1005 1708 1030 1770 2,
1049 1707 1074 1758 ⁷.
1111 1705 1281 1768 Mensores,
1300 1705 1350 1774 qai
1363 1704 1392 1758 s's

351 1798 458 1851 castris
475 1798 513 1850 ud
530 1798 687 1866 podismum
705 1798 888 1853 dimetiuntur
905 1801 983 1864 locu,
1013 1799 1043 1852 s'n
1065 1799 1163 1869 quibus
1179 1799 1290 1852 milites
1305 1805 1390 1852 utrm·

351 1894 399 1947 rs‘u
416 1895 510 1962 tipum.
538 1892 582 1947 ct.
600 1896 627 1960 3,
644 1897 669 1949 b
704 1894 844 1962 Figsbant
861 1904 954 1949 autem
972 1894 1033 1947 sine
1050 1893 1138 1947 dubio
1156 1893 1186 1945 in
1203 1894 1322 1962 angulis
1338 1893 1398 1947 siaa·

351 1987 481 2052 gularum
499 2002 627 2041 arearum
642 1987 737 2055 signa,
764 1989 866 2058 partim
885 1989 1003 2053 uexilla,
1027 1989 1127 2043 colore
1144 1987 1221 2041 inter
1239 2002 1271 2040 se
1290 1987 1391 2042 distin·

351 2091 410 2147 cta,
445 2083 546 2148 partim
569 2082 640 2150 pila,
676 2096 713 2134 ex
731 2083 834 2148 quibus
858 2098 937 2136 suum
956 2080 1063 2150 quique
1079 2081 1172 2134 locum
1189 2091 1392 2147 cognoscerem

352 2174 427 2239 (Pol.
446 2177 474 2241 6,
493 2178 537 2230 tt.
566 2175 609 2232 cf.
628 2177 703 2231 Fest„
723 2191 746 2230 s.
764 2193 790 2228 u.
807 2177 920 2230 metari.
949 2177 1031 2230 Aust.
1050 2176 1108 2230 luc.
1126 2177 1187 2231 trs.
1219 2175 1391 2246 Oportetsd

352 2285 447 2322 omues
464 2270 581 2339 ultumos
598 2270 680 2338 sipara
696 2270 829 2340 panorm).

420 2363 464 2417 Et
483 2363 700 2433 professores
715 2395 749 2405 -
764 2364 1010 2434 cognominati]
1030 2365 1212 2430 Professores
1228 2361 1303 2417 artis
1317 2380 1393 2418 mea

352 2456 444 2510 suriae
465 2468 660 2511 commemorat
682 2458 759 2529 llyg.
777 2458 814 2511 da
831 2457 905 2510 Lim.
926 2456 1021 2510 const.
1048 2459 1105 2513 166.
1131 2456 1281 2526 ipsamque
1307 2468 1392 2511 artem

350 2552 555 2620 professionem
578 2551 704 2621 appellat
726 2552 766 2605 ib.
788 2552 1007 2609 landecort.
1028 2551 1097 2619 dgr.
1114 2552 1177 2605 666.
1226 2551 1327 2611 cauea
1348 2568 1393 2607 sa·

350 2661 405 2714 pro
423 2647 532 2716 scriptu
551 2645 656 2698 dictum
673 2655 728 2713 eat,
753 2655 784 2700 ut
800 2645 874 2716 apud
894 2645 954 2701 Sic.
972 2646 1017 2698 Fl.
1036 2648 1062 2700 3.
1082 2645 1238 2712 municipia
1256 2662 1291 2699 es
1309 2661 1394 2700 causo

351 2755 439 2808 supra
457 2739 534 2793 dicta
552 2741 696 2794 nominata
715 2749 786 2794 sunt.
826 2741 910 2794 Falsa
929 2739 1071 2793 correctio
1088 2737 1234 2793 Salmasiis
1264 2740 1330 2808 slus
1346 2756 1393 2793 os·

352 2837 391 2890 tis
408 2853 508 2902 causo,
530 2843 664 2907 utsupra
681 2837 795 2903 scripsi.
830 2834 877 2887 De
893 2833 1060 2902 promuticia
1079 2848 1104 2885 v.
1122 2847 1195 2898 quae
1212 2830 1300 2885 citavi
1321 2832 1393 2901 prol.

352 2932 396 2995 rt,
414 2932 458 2986 aa.
476 2933 520 2996 tn,
538 2932 579 2985 st.
615 2917 699 2994 rnre,
717 2927 793 2994 quor
811 2942 897 2996 supra
915 2926 1052 2987 uiximus,
1069 2940 1194 2993 gromen
1209 2929 1267 2994 aa
1285 2927 1393 2981 sacrm

352 3023 497 3088 Enniique
517 3033 643 3093 tempore
662 3022 689 3074 in
708 3023 807 3076 castris
819 3023 952 3076 Romanis
969 3031 1124 3091 usurpatam
1143 3019 1247 3088 luisse,
1275 3036 1333 3074 nou
1352 3036 1395 3076 ss·

353 3117 465 3184 quitur,
499 3125 530 3170 ut
547 3119 700 3186 prometiri
717 3127 783 3172 tuuc
806 3119 921 3188 publice
944 3117 1087 3171 constituti
1105 3115 1217 3170 luerint.
1265 3117 1331 3171 Imo
1347 3132 1393 3172 or-

353 3209 430 3263 dinis
452 3225 608 3264 mensorum
634 3211 725 3277 prima
750 3212 867 3281 uestigia
885 3212 956 3267 Julii
981 3211 1091 3264 demum
1109 3209 1238 3264 Caesaris
1265 3221 1394 3281 tempore

353 3302 602 3374 deprehenduntur
620 3309 657 3369 (v.
675 3303 764 3358 Zeiss.
784 3305 803 3359 l.
822 3306 867 3371 d).
901 3303 957 3359 Qui
973 3311 1132 3357 castrorum
1148 3309 1317 3359 metatorem
1334 3316 1394 3360 taa-

353 3416 434 3468 quam
454 3401 601 3469 bominem,
618 3412 724 3455 certum
739 3399 882 3468 opificium
900 3398 946 3451 uel
965 3403 1051 3450 artem
1069 3405 1257 3463 exercentem,
1272 3414 1393 3454 comma·

353 3504 455 3561 moret,
474 3494 594 3563 primus,
614 3495 689 3560 quod
709 3494 810 3561 sciam,
826 3503 869 3547 est
886 3492 987 3546 Cicero
1004 3489 1092 3554 (Pbil.
1114 3493 1154 3556 11,
1165 3492 1191 3553 t,
1203 3491 1267 3550 11,).
1303 3491 1392 3564 Poly-

354 3587 394 3640 bii
418 3598 542 3656 tempore
572 3588 700 3641 tribunus
725 3603 785 3640 cum
810 3585 1022 3640 centurionibus
1044 3584 1154 3650 aliquot
1176 3583 1272 3637 locum
1291 3586 1393 3643 eastris

353 3681 438 3750 eligit
455 3698 545 3748 eaque
564 3691 682 3736 metatur
697 3684 733 3748 (6,
744 3684 807 3746 tlt.
841 3682 966 3737 Quocum
984 3678 1143 3734 testimonio
1159 3677 1297 3742 concinit,
1313 3680 1392 3747 quod

354 3773 460 3828 Sullam
486 3774 589 3829 scribit
607 3774 776 3828 Plutarchus
794 3774 876 3841 (Sall.
896 3776 935 3839 9.)
957 3771 1076 3826 ducibus
1098 3771 1265 3840 imperasse,
1298 3784 1329 3829 at
1346 3791 1393 3829 cs·

353 3875 413 3920 stra
431 3877 607 3922 metarentur.
659 3868 762 3922 Caesar
785 3867 814 3922 in
839 3868 916 3920 bell'o
934 3864 1047 3920 Gallico
1069 3867 1269 3935 exploratores
1292 3879 1392 3924 ccam·

356 3960 508 4028 tionesque
525 3962 718 4030 praemittebat
734 3968 770 4029 (2,
789 3967 852 4030 lt).
896 3959 1111 4016 Posterioribus
1129 3959 1306 4029 temporibus
1322 3978 1391 4030 gro·

355 4055 473 4108 maticus
497 4056 716 4123 adjuvabatur'a
734 4059 873 4114 militibus
897 4055 1076 4125 quibusdam,
1112 4054 1161 4121 qui
1187 4065 1216 4108 et
1238 4063 1392 4113 metatores

355 4161 383 4204 et
401 4166 544 4204 mensores
563 4151 785 4206 nominabantur.
815 4151 858 4206 cf.
872 4149 989 4219 loseph.
1005 4149 1039 4203 B.
1053 4147 1118 4203 Jud·
1136 4149 1164 4209 3.
1182 4151 1210 4213 6,
1229 4149 1255 4201 2·
1284 4152 1354 4217 m,
1366 4154 1391 4207 Ι.

356 4243 405 4299 Sic
423 4244 520 4299 Frons.
539 4247 566 4312 t,
578 4250 605 4310 t,
622 4247 662 4300 11.
682 4260 746 4311 eos,
766 4245 815 4314 qui
834 4242 920 4299 lilarli
940 4252 1032 4298 castra
1050 4241 1268 4309 constituerant,
1289 4259 1328 4297 ex
1346 4242 1402 4299 ssi.
