3492 5242
831 685 910 766 tna

354 892 437 940 anteo
461 881 602 938 amicitiae
627 882 717 957 ipsius
741 884 847 953 gradus
870 885 986 954 quidam
1009 884 1253 953 distinguebantur
1275 885 1386 948 (Senec.

355 978 443 1032 clem.
463 981 488 1045 l,
508 981 549 1033 lii.
577 979 690 1048 Lampr.
706 977 773 1034 Sev.
787 978 839 1034 At.
858 980 921 1046 ill).
967 979 1087 1036 comites
1104 980 1186 1035 etiam
1205 979 1387 1050 proconsules

354 1087 447 1126 secum
465 1071 604 1128 habebant
621 1073 701 1142 (Dig.
718 1075 763 1143 ts,
782 1078 826 1142 19,
843 1078 870 1140 6,
890 1077 913 1128 1.
939 1075 984 1141 dil,
1001 1076 1027 1142 ⁵,
1045 1072 1088 1142 lt,
1108 1075 1153 1142 1.).
1188 1074 1318 1129 Ceterum
1336 1069 1386 1124 mi-

354 1179 407 1218 nus
430 1177 559 1221 accurate
576 1165 715 1234 vegetius
737 1165 791 1221 illo
816 1167 880 1220 loco
896 1169 934 1233 (³,
951 1168 988 1234 8.)
1012 1167 1096 1232 dicit,
1131 1166 1247 1222 comites
1270 1167 1300 1220 in
1324 1165 1387 1236 ipso

355 1258 498 1326 praetorio
516 1259 646 1326 tendere3
671 1261 782 1332 Hygini
800 1263 874 1316 enim
891 1261 964 1316 fides
983 1264 1071 1330 major
1087 1277 1149 1316 esse
1166 1260 1258 1315 debet.
1292 1257 1387 1314 (lomi-

354 1362 398 1408 tes
419 1352 509 1421 igitur
527 1363 589 1424 post
606 1354 753 1411 stationem
772 1356 861 1410 latere
879 1354 981 1410 dextro
1003 1354 1138 1426 praetorii
1157 1364 1311 1426 ponentur,
1338 1368 1387 1407 eo·

354 1431 475 1513 demone
492 1447 558 1502 loco
575 1447 692 1502 sinistro
708 1447 796 1502 latere
813 1448 951 1503 officiales
970 1449 1086 1504 tendent
1104 1456 1144 1514 (v.⁴
1161 1447 1194 1528 ad
1214 1449 1260 1515 7.).

424 1542 451 1595 Α
471 1540 661 1610 pedibusL
681 1543 844 1610 usquead
866 1543 972 1612 LXX]
1008 1542 1171 1611 Subiectum
1194 1556 1231 1595 ex
1257 1537 1388 1608 superio·
1437 1553 1440 1563 ’

355 1633 435 1688 ribus
461 1634 641 1704 repetendum
664 1644 722 1688 est:
758 1634 886 1688 latitudo.
935 1631 1099 1687 salmasium
1123 1627 1171 1701 (ad‘
1188 1632 1282 1702 Spart.
1299 1631 1386 1684 Hadr.
1486 1668 1490 1680 .

355 1729 410 1795 18.)
435 1744 489 1780 nou
516 1728 648 1782 debuisse
675 1727 798 1797 priorem
831 1744 972 1783 numerum
1004 1728 1033 1782 in
1059 1729 1111 1782 Lx
1143 1737 1249 1782 mutare
1281 1724 1389 1781 notarit

353 1823 467 1878 Schele.
512 1821 673 1887 Quanquam
691 1823 763 1876 enim
783 1825 839 1878 LX
859 1823 946 1893 pedes
965 1839 1064 1877 revera
1082 1821 1214 1894 Hyginus
1233 1820 1306 1874 inira
1322 1819 1388 1885 (33.)
1499 1809 1503 1821 .

353 1913 505 1968 comitibus
522 1912 665 1983 adsignat,
699 1914 883 1985 reputandum
904 1926 1069 1980 temonem,
1103 1915 1143 1969 ibi
1163 1914 1306 1987 Hyginum
1323 1928 1387 1967 cer·

354 2019 413 2067 tum
432 2006 587 2062 exercitum
605 2018 670 2062 ante
687 2008 785 2062 oculos
801 2008 924 2078 habere,
960 2009 1007 2064 hic
1025 2009 1171 2079 generales
1190 2009 1303 2076 regulas
1319 2023 1387 2077 pro·

353 2110 468 2173 ponere.
514 2103 558 2155 Ac
574 2103 701 2171 proiecto
719 2104 783 2174 ipse
799 2105 931 2177 Hyginus
954 2105 1070 2176 insuper
1092 2114 1210 2159 testatur
1226 2106 1306 2169 (33),
1340 2117 1387 2154 co·

352 2196 450 2248 mitum
474 2195 654 2265 pedaturam,
682 2207 767 2267 prout
790 2215 837 2252 res
861 2198 1058 2266 postulaverit,
1086 2193 1216 2266 ampliari
1234 2207 1280 2250 aut
1299 2197 1386 2249 demi·

354 2288 413 2341 nui.
455 2289 543 2343 Nullo
561 2296 659 2341 contra
675 2288 854 2343 fundamento
878 2288 977 2342 nititur
996 2289 1093 2359 opinio
1112 2289 1243 2352 Pinneti,
1273 2288 1321 2354 qui
1340 2303 1387 2340 co-

354 2379 450 2435 mitum
469 2381 629 2452 pedaturam
646 2396 663 2433 a
680 2379 873 2448 magnitudine
890 2380 1040 2435 tribunalis
1058 2391 1087 2434 et
1104 2381 1247 2448 auguralis
1265 2379 1388 2448 pendere

354 2486 434 2544 putet
451 2476 490 2544 (p.
507 2477 571 2541 62).
611 2475 645 2528 Ut
663 2484 769 2538 autem,
788 2472 863 2538 quod
883 2472 996 2527 codices
1014 2459 1162 2540 exhibent,
1182 2472 1210 2526 in
1228 2490 1311 2552 usque
1328 2488 1388 2525 mu·

354 2579 417 2622 tare
433 2567 535 2632 malui,
563 2583 644 2636 quam
662 2582 723 2620 cum
742 2564 859 2620 Schelio
877 2566 989 2632 ejicere.
1018 2566 1061 2620 Gi.
1079 2566 1147 2622 Var.
1166 2567 1247 2621 Lect.
1266 2567 1311 2630 33,
1327 2567 1353 2620 9.
1468 2592 1469 2598 .

422 2661 461 2713 In
487 2676 554 2726 qua
578 2659 752 2730 pedatura
780 2657 964 2726 praefecto
992 2659 1182 2729 praetorio]
1219 2660 1263 2713 lta
1289 2659 1387 2728 procul

354 2753 443 2807 dubio
461 2763 538 2807 recte
555 2752 678 2806 restituit
693 2751 804 2826 Schele.
839 2752 915 2807 Toto
933 2753 1014 2807 coelo
1032 2763 1129 2808 contra
1145 2752 1285 2808 aberravit
1299 2751 1386 2808 Salm.

353 2848 373 2900 l.
391 2864 415 2901 c.
434 2844 575 2900 scribens:
610 2845 701 2915 iisque
723 2847 861 2916 pedatura
886 2863 941 2914 pro
966 2849 1120 2917 praetorio.
1173 2845 1218 2901 De
1243 2846 1414 2916 praelecto'

353 2938 497 3009 praetorio
514 2939 550 2995 cl.
570 2940 645 2994 Hier.
665 2945 730 2994 mut.
751 2954 778 3008 p.
797 2941 841 2994 34.
859 2941 902 2995 33.

423 3032 539 3087 Primo
557 3033 636 3085 loco
653 3046 670 3084 a
688 3031 744 3085 via
762 3032 959 3104 principali
978 3035 1161 3104 adsignari
1180 3035 1290 3105 debet]
1312 3035 1387 3091 Sub·
1484 3043 1488 3054 “

350 3128 453 3193 lectum
476 3110 615 3194 pedatura
635 3126 719 3181 facile
735 3124 792 3182 uini
808 3133 894 3183 sonori
914 3147 951 3183 ex
975 3130 1097 3186 ablativo
1114 3133 1250 3200 pedatura
1271 3132 1386 3202 supple·
1413 3184 1415 3188 ,

354 3230 410 3275 tur.
455 3219 633 3291 Quapropter
658 3220 761 3276 Schele
787 3239 841 3275 non
868 3222 967 3276 debuit
992 3223 1138 3290 corrigere
1162 3225 1272 3293 primus
1296 3226 1383 3279 locate.

352 3314 399 3367 De
416 3311 472 3368 abl.
488 3313 540 3366 loc.
557 3315 593 3367 ci.
611 3332 639 3385 p.
650 3318 709 3371 131.
742 3315 774 3370 Si
794 3315 968 3368 correctione
985 3330 1056 3384 opus
1074 3307 1163 3381 e'sset,
1191 3315 1384 3372 scribendam

350 3407 383 3460 s'n
398 3423 450 3476 quo
466 3408 547 3475 pede
563 3408 708 3476 pedatura.
744 3407 824 3462 Quod
844 3405 946 3475 scripsi
963 3424 981 3460 o
998 3409 1059 3468 oio,
1086 3407 1121 3461 ad
1140 3409 1267 3463 codicum
1286 3426 1385 3464 corru-

350 3500 442 3572 ptelas
459 3501 578 3570 propius
594 3501 713 3570 accedit,
732 3485 813 3570 quam
831 3505 869 3558 od
886 3505 972 3566 viam,
990 3501 1065 3568 quod
1085 3510 1287 3573 proposuerunt
1297 3504 1383 3573 Rutg.

350 3600 394 3653 stt.
423 3596 509 3652 Salm.
526 3595 546 3647 1.
566 3611 589 3647 c.
608 3595 719 3650 Schele.
773 3596 900 3652 Similem
919 3610 996 3649 usum
1021 3596 1240 3666 praepositionis
1257 3600 1292 3653 od
1308 3596 1382 3668 apud

351 3689 496 3761 Hyginum
514 3689 600 3742 habes
619 3690 657 3742 ts.
676 3690 719 3742 14.
737 3691 781 3745 33.

322 3841 324 3844 ,
420 3787 643 3858 Interposita
672 3785 801 3839 deinde
827 3782 894 3853 via]
929 3784 1012 3841 Viam
1040 3788 1209 3857 oiciooriom
1237 3786 1382 3855 intelligit,

348 3883 384 3936 cl.
406 3883 447 3937 13.
490 3880 598 3935 Eodem
626 3880 710 3934 modo
737 3881 785 3934 oio
811 3879 980 3949 interposito
1005 3879 1082 3935 dixit
1107 3882 1149 3937 ts.
1179 3879 1224 3936 ct.
1246 3882 1319 3952 prol.
1335 3883 1381 3947 63,

351 3978 410 4031 tlt.
1209 3977 1211 3980 ’

418 4070 588 4125 Cohortes
621 4070 841 4139 praetoriae]
874 4071 955 4127 Hunc
989 4071 1078 4125 locum
1112 4080 1221 4124 secutus
1253 4071 1381 4124 cohortes

348 4164 504 4234 praetorias
523 4165 552 4218 io
577 4165 666 4219 forma
682 4175 834 4220 carnorum
851 4163 1003 4236 pedaturae
1019 4165 1149 4220 comitum
1169 4174 1198 4218 et
1218 4163 1380 4219 officialium

348 4258 496 4328 proximos
514 4257 603 4330 posui.
647 4259 719 4314 Eum
742 4261 831 4315 locum
855 4277 902 4316 eas
924 4260 1054 4315 habuisse
1076 4259 1183 4329 colligo
1204 4259 1284 4314 etiarn
1302 4255 1379 4322 inde,
1460 4247 1463 4253 ’
