3492 5242
855 650 973 787 aa

363 921 407 985 ln'
430 917 538 984 tribus
570 917 687 1009 primis
717 916 847 1008 paginis
875 916 998 983 codicis
1026 919 1055 983 0
1086 918 1200 981 insunt
1223 915 1403 1002 fragmenta
1447 957 1450 963 -

363 1027 475 1094 eadem
497 1023 740 1111 mathematica,
772 1046 856 1116 quae
883 1025 918 1091 in
939 1025 1051 1092 codice
1073 1025 1255 1091 Arccriano
1276 1021 1401 1091 iuveni-

364 1148 465 1202 nntur
483 1141 547 1230 ἔθη
574 1124 719 1228 reliquas
739 1135 878 1228 paginas
907 1137 1019 1228 explet
1045 1135 1131 1202 liber
1151 1135 1192 1201 do
1213 1135 1402 1202 munitioni·

361 1245 426 1311 bns
448 1259 640 1312 castrorum.
1377 1258 1381 1271 '

447 1354 544 1420 Alter
566 1365 672 1419 autem
695 1355 811 1432 codex,
835 1376 932 1442 quem
955 1353 1049 1419 litera
1072 1355 1101 1417 B
1123 1352 1268 1441 signavi,
1298 1352 1401 1419 conti·

359 1473 419 1528 nct
439 1473 580 1552 quatuor*
600 1463 679 1528 folia
702 1465 869 1528 cbartacca
889 1462 1012 1528 formae
1035 1461 1222 1551 quadratae,
1244 1462 1401 1552 inscripta

358 1572 505 1638 numeris
531 1572 663 1639 7-10.
709 1573 860 1662 Scriptus
892 1581 961 1650 cst,
993 1583 1030 1635 ut
1054 1573 1182 1639 videtur
1197 1614 1198 1621 κ
1213 1571 1261 1636 cis
1281 1554 1401 1662 Alpes,

345 1692 436 1772 *post
456 1707 578 1748 anuum
602 1682 698 1748 1554.
743 1679 812 1764 Qui
834 1679 921 1744 enim
944 1679 995 1745 vir
1014 1682 1128 1747 doetus
1148 1683 1235 1746 bunc
1257 1680 1402 1748 codicem
1422 1665 1424 1675 ι

350 1814 459 1857 mauu
480 1815 540 1857 sua
567 1789 718 1879 scripsit,
751 1790 843 1857 novit
863 1791 934 1877 jam
962 1792 1138 1857 editionem
1159 1791 1401 1880 Turnebianam

356 1901 632 1989 agrimensorum,
655 1922 738 1989 quae
759 1900 817 1965 illo
840 1926 926 1967 anno
947 1903 1085 1968 Parisiis
1107 1902 1228 1993 prodiit
1238 1903 1293 1984 84).
1336 1901 1402 1967 Hic
1516 1960 1518 1963 .

358 2033 493 2099 quoque
516 2011 617 2076 codex
647 2012 682 2076 in
705 2000 861 2079 scriverii
883 2012 1033 2078 manibus
1055 2011 1139 2096 fuit,
1174 2022 1210 2076 ut
1230 2011 1340 2107 prpdit
1362 2035 1403 2075 cx

356 2118 623 2185 adnotationibus
656 2123 825 2189 nonnullis
853 2147 871 2187 a
896 2122 1061 2191 Scriverio
1089 2121 1401 2211 margini-adscrip-

356 2227 414 2310 tis,
438 2239 470 2292 ct
490 2216 578 2293 inter
599 2228 734 2294 schedas
754 2227 975 2302 Scriverianas
998 2229 1033 2294 iu
1055 2229 1285 2294 bibliothecam
1301 2230 1402 2294 Guel-

354 2336 562 2424 ferbytanam
588 2337 779 2427 pervenisse
811 2337 951 2403 videtur.
998 2336 1131 2402 Scbclio
1162 2339 1295 2430 nomine
1325 2362 1401 2427 apo·

356 2445 476 2534 grapbi
500 2444 664 2535 Epndiani
686 2457 798 2510 notum
819 2445 884 2510 fuit
907 2448 976 2526 ⁸⁵).'
1008 2444 1166 2540 Singulae
1189 2446 1288 2532 bujus
1312 2446 1400 2511 codi-

356 2552 406 2618 cis
433 2553 572 2642 paginae
603 2555 724 2619 babent
753 2553 896 2621 422-44
922 2553 1045 2639 lineas3
1087 2554 1237 2620 custodes
1267 2554 1334 2619 nisi
1366 2555 1401 2621 in

355 2661 447 2732 toliis
479 2664 524 2729 7a
558 2674 591 2729 et
622 2649 690 2740 illa
728 2661 842 2728 omissi
882 2686 949 2727 non
983 2675 1080 2751 sunt3
1125 2666 1401 2757 interpunctionis
1464 2655 1465 2658 Ἴ

358 2771 455 2860 signa
476 2783 653 2862 punctum,
677 2771 796 2856 colon,
820 2795 946 2836 comma
968 2770 1192 2839 inveniuntur.
1237 2775 1401 2865 Compen-

357 2881 413 2959 dia
442 2893 609 2972 praetcrea
631 2880 811 2973 scripturae
840 2882 994 2974 pauciora
1021 2907 1119 2972 quam
1140 2883 1175 2948 in
1205 2884 1276 2949 cod.
1302 2885 1401 2951 Cin·

356 3002 456 3075 sunt,
491 3015 588 3083 saepe
608 3001 716 3057 tamen
738 2991 861 3059 eisdem
891 2992 973 3058 locis
996 2992 1120 3058 cadem.
1168 2993 1324 3061 Continet
1344 2994 1399 3060 bic

357 3097 462 3165 codex
491 3100 597 3166 solum
625 3100 747 3167 librum
769 3100 810 3168 dc
840 3099 1079 3169 munitionibus
1108 3112 1309 3188 castrorum,
1341 3102 1400 3168 sed

357 3301 504 3356 bonorum.
541 3301 651 3358 Quibus
672 3292 848 3373 compendiis
867 3319 928 3356 cuna
950 3300 1072 3371 scriptor
1095 3319 1278 3373 nonsemper
1298 3315 1399 3368 utatur,
1416 3346 1421 3361 s

356 3397 408 3452 sed
423 3395 529 3450 ,escen
549 3397 636 3451 verba
659 3396 797 3452 interdum
822 3396 908 3466 plene
928 3395 1048 3461 scribat,
1073 3396 1219 3464 sequitur,
1248 3407 1293 3465 ut,
1322 3402 1398 3465 quod

355 3507 464 3546 merum
481 3490 575 3546 videri
602 3488 882 3566 possitfflarbitriura,
911 3507 948 3544 ex
971 3490 1048 3544 nulla
1067 3490 1124 3544 alia
1144 3507 1175 3545 re
1198 3491 1256 3546 uisi
1274 3509 1311 3547 ex
1329 3493 1398 3548 dili-

354 3583 519 3654 geutissima
537 3583 695 3639 imitatione
711 3583 841 3638 videatur
859 3581 1000 3653 explicari
1019 3600 1112 3653 posse.

424 3679 470 3742 83)
506 3679 542 3734 V.
562 3694 647 3746 snpra
665 3694 729 3748 pag.
749 3682 799 3745 18,
819 3690 876 3735 not.
896 3680 969 3744 ¹13).v
1409 3727 1413 3740 ,

424 3772 488 3837 84),
507 3771 550 3824 nd
570 3771 676 3841 Hygia.
698 3775 739 3826 11.
757 3773 827 3827 baec
845 3770 1007 3827 adnotavit:
1036 3774 1141 3844 Hypera.
1162 3791 1190 3843 p.
1210 3776 1268 3830 105.
1304 3774 1352 3829 Sic
1371 3783 1397 3830 et

355 3867 387 3920 s‘n
413 3865 520 3920 castris
546 3864 651 3918 Gromo
680 3865 796 3932 ponitur
823 3866 853 3919 in
880 3871 1039 3928 tetrantem,
1068 3884 1119 3936 qao
1146 3869 1219 3922 uelut
1246 3869 1283 3921 od
1303 3870 1396 3935 forum
1507 3895 1509 3900 ·

354 3959 528 4014 convenitur.
577 3956 632 4013 Qui
658 3957 739 4012 locos
767 3975 804 4011 ex
830 3956 939 4028 Hygini
969 3959 1006 4012 de
1030 3959 1168 4015 limitibus
1193 3961 1396 4016 constituendis

356 4052 432 4107 libro
454 4053 572 4122 petitos,
601 4067 700 4106 revera
722 4070 748 4121 p.
770 4055 827 4108 1⁰5.
848 4051 916 4105 edit.
936 4051 1025 4107 Turn.
1053 4052 1165 4120 legitur.
1202 4055 1285 4109 Errat
1307 4053 1396 4122 igitur
1425 4121 1431 4131 ι

355 4145 444 4203 Ebert
462 4148 480 4199 Ι.
501 4164 524 4198 c.
545 4145 670 4199 codicem
689 4146 802 4199 saeculo
820 4145 905 4200 xvi.
926 4143 1033 4199 ineunti
1051 4146 1225 4202 adscribens.

423 4242 468 4305 85)
505 4240 542 4298 V.
564 4239 629 4295 Scb.
650 4238 669 4296 l.
696 4251 754 4294 not.
772 4241 818 4306 st)
841 4238 889 4295 cit.
926 4239 1096 4296 Dedacobo
1115 4240 1247 4314 Eyndio‚
1275 4242 1391 4307 Batavo,

355 4333 404 4402 qui
424 4343 548 4391 mortuas
567 4344 619 4418 est
627 4351 652 4390 a.
674 4336 766 4403 toln,
786 4350 810 4388 v.
829 4335 1003 4406 Bt'oproplt'e
1021 4337 1203 4397 universate,
1224 4338 1265 4403 1³,
1286 4353 1314 4408 p·
1331 4338 1391 4392 5⁷7.
