3492 5242
740 652 817 728 177
932 717 934 720 Α

261 867 310 919 ra,
336 867 420 920 quam
439 851 581 924 copiarum
606 864 699 925 partes
722 854 854 924 accipere
872 851 1001 910 debeant.
1024 856 1076 910 -lu
1097 859 1300 928 computatione

261 958 367 1003 sutem.
383 947 543 1016 pedaturae·
560 964 615 1001 nou
643 963 754 1018 semper
768 947 994 1018 ,proficiscuntur
1020 959 1169 1005 metatores
1191 968 1207 1005 a
1231 969 1299 1007 vero

261 1055 379 1094 numero
404 1041 538 1107 militum,
573 1039 624 1094 sed
643 1041 678 1094 ab
697 1057 731 1114 eo
757 1057 889 1107 numero,
926 1042 962 1095 ad
980 1057 1062 1109 quem
1086 1045 1227 1112 copiarum
1246 1046 1300 1101 illa

259 1147 330 1203 pars
355 1144 537 1204 computatur.
571 1132 615 1187 Cf.
641 1148 727 1203 supra
753 1136 857 1203 ρ.101.
887 1135 944 1189 108.
981 1134 1107 1189 Militem
1126 1139 1153 1191 h.
1172 1137 1191 1192 l.
1211 1150 1239 1193 et
1255 1143 1298 1196 16.

260 1240 317 1297 pro
334 1229 427 1295 pedite
444 1227 519 1281 dixit
538 1226 584 1292 (cf.
603 1225 674 1296 prol.
693 1228 738 1292 51,
757 1227 826 1292 61),
860 1235 889 1279 nt
907 1224 966 1280 cic.
985 1226 1037 1296 Ep.
1056 1227 1133 1282 Farn.
1152 1224 1192 1291 10,
1211 1232 1255 1298 13,
1272 1235 1299 1287 3.

262 1319 345 1375 caes.
362 1320 398 1372 a.
417 1320 453 1376 u.
469 1324 496 1384 s,
516 1307 557 1375 io.
590 1319 625 1371 B.
644 1319 675 1371 c.
694 1320 722 1380 a,
742 1320 784 1372 or.
822 1317 902 1373 vui.
930 1320 1040 1376 Patere.
1059 1325 1085 1390 a,
1104 1327 1145 1378 rs.
1201 1327 1300 1383 Poste.

260 1411 341 1478 riore
359 1423 485 1487 tempore
502 1408 594 1467 miles*
601 1428 654 1480 pro
673 1412 762 1481 'equite
781 1411 937 1478 dicebatur,
957 1424 1020 1472 uta
1038 1417 1110 1487 Vop.
1128 1419 1224 1488 Aurei.
1241 1424 1299 1488 34„
1387 1407 1392 1415 ⁸

261 1506 358 1563 ubis.
377 1505 569 1562 Salmas-Cf.
588 1505 690 1572 Salm.‚
720 1505 754 1558 de
772 1523 804 1559 re
822 1507 901 1570 mid,
921 1521 982 1576 cap.
1002 1510 1026 1560 1.
1342 1498 1351 1508 “

332 1602 445 1669 Eques
462 1612 570 1656 autem
591 1600 656 1653 duo
674 1600 776 1654 semis
792 1599 930 1667 adjecta
947 1601 1078 1671 quinta]
1115 1605 1215 1661 Quinta
1232 1606 1260 1661 lu.
1278 1608 1299 1663 l.

260 1696 450 1766 intelligenda
468 1707 513 1751 est
537 1695 636 1763 quinta
654 1711 720 1766 pars
745 1696 847 1765 pedum
865 1696 983 1749 duorum
1003 1696 1101 1758 semia,
1134 1710 1165 1753 ut
1182 1710 1301 1770 apparet
1324 1770 1328 1776 .
1443 1747 1445 1752 ,

261 1807 301 1843 ex
314 1792 368 1855 10,
388 1791 435 1843 ubi
455 1790 483 1843 in
502 1789 626 1858 equitum
646 1805 761 1843 numero
771 1789 807 1842 ad
826 1789 939 1860 pedites
957 1788 1112 1856 redigendo
1129 1793 1255 1858 quintam
1272 1805 1301 1853 et

259 1885 369 1955 peditis
393 1895 421 1936 et
439 1883 544 1951 equitis
569 1883 685 1951 omittit,
722 1881 797 1949 quod
820 1883 898 1936 salva
924 1883 1108 1952 proportione
1132 1885 1227 1940 lacere
1245 1905 1300 1942 nou

259 1978 370 2050 potuit,
406 1977 460 2030 nisi
489 1977 586 2044 quinta
613 1976 714 2047 pedum
743 1976 862 2030 duorum
891 1979 976 2032 semis
1004 1979 1189 2048 intelligenda
1216 1998 1298 2041 esset.

261 2071 328 2126 Hoc
344 2071 452 2133 monui,
480 2067 546 2136 quia
562 2066 665 2122 Schele
683 2078 713 2121 et
729 2067 800 2124 Nast
816 2071 877 2130 278,
893 2088 920 2139 9.
944 2071 1066 2141 quintam
1081 2076 1161 2141 pedis
1184 2089 1304 2144 praeter

261 2165 351 2238 pedes
377 2163 448 2217 duos
471 2161 554 2216 semis
581 2160 704 2228 equitem
726 2159 871 2229 accepisse
898 2172 1003 2228 putant.
1057 2165 1202 2234 Adjectam
1229 2146 1321 2224 nane

260 2259 387 2327 quintam
406 2266 599 2310 commemorat
617 2256 693 2326 llyg.
712 2255 797 2313 etiam
816 2257 859 2308 35.
877 2254 919 2307 tt.
962 2257 1037 2309 llinc
1055 2269 1148 2313 ternos
1165 2263 1258 2332 pedes,
1270 2265 1300 2321 in

260 2350 407 2419 equitibus
434 2330 561 2402 alaribus
588 2345 708 2415 singulis
732 2353 874 2422 computat
893 2346 946 2410 (16.
965 2350 1034 2415 31),
1070 2340 1246 2422 totidemque
1269 2359 1298 2413 in
1355 2388 1358 2393 <

249 2437 407 2512 'equitibus
430 2442 586 2498 cohortium
612 2439 782 2508 equestrium
805 2441 842 2505 (v.
862 2440 949 2507 paulo
971 2441 1060 2507 infra)
1085 2453 1113 2499 et
1137 2444 1168 2500 in
1191 2450 1299 2507 Mauris

261 2538 407 2608 equitibus
425 2536 638 2602 Pannoniisque
662 2533 819 2595 veredariis
837 2542 872 2600 (v.
888 2533 922 2587 ad
937 2537 991 2595 35.)
1008 2549 1207 2607 computantur.
1239 2544 1299 2604 Pu.

261 2633 340 2703 lybii
365 2644 489 2700 tempore
507 2632 595 2684 multo
621 2629 716 2682 laxior
741 2628 876 2699 pedatura
895 2638 923 2682 et
942 2631 1083 2698 equitibus
1102 2645 1129 2689 et
1154 2637 1300 2705 peditibus

260 2727 471 2802 adsignabatur.
483 2749 488 2757 ι
499 2723 567 2778 Cum
585 2723 658 2777 enim
674 2733 701 2778 et
715 2727 766 2779 110
784 2721 910 2792 pedites,
929 2733 958 2777 et
971 2727 1005 2780 30
1019 2726 1128 2793 equites
1148 2731 1234 2800 pedes
1249 2735 1299 2787 100

260 2837 317 2892 per
336 2825 384 2876 100
402 2818 519 2890 Polybii
539 2829 665 2887 tempore
682 2819 844 2888 acceperint
862 2821 900 2882 (6,
918 2819 984 2887 aa),
1005 2820 1141 2891 eflicitur,
1164 2836 1194 2878 ut
1210 2828 1299 2894 pedes

259 2915 402 2984 acceperit
420 2913 507 2982 pedes
521 2913 672 2979 quadratos
688 2915 722 2968 83
736 2921 765 2965 et
781 2911 893 2966 tertiam
910 2923 1016 2981 partem
1034 2899 1130 2986 pedis,
1150 2934 1237 2985 eques
1250 2937 1299 2975 au.

235 3004 241 3022 '
260 3020 318 3064 tem
337 3008 424 3078 pedes
438 3006 589 3072 quadratos
599 3008 651 3062 333
661 3015 689 3058 et
700 3004 809 3058 tertiam
829 3014 933 3072 partem
952 3006 1040 3075 pedis.
1076 3010 1184 3080 Hygini
1203 2997 1300 3075 con'tra

261 3112 390 3170 ternpore
406 3100 493 3170 pedes
510 3098 614 3169 accipit
631 3098 719 3167 pedes
735 3097 887 3164 quadratos
904 3101 952 3164 36,
972 3116 1057 3167 eques
1074 3104 1161 3172 pedes
1179 3111 1299 3174 quadra.

261 3205 308 3251 tos
326 3196 368 3250 9⁰.
421 3194 532 3247 Revera
556 3204 646 3248 autem
670 3210 706 3246 ne
732 3203 773 3248 tot
791 3193 906 3261 quidem
931 3195 1018 3266 pedes
1044 3198 1199 3269 accipiunt3
1235 3219 1298 3258 uam

259 3289 360 3356 quinta
376 3305 445 3358 pars*
461 3289 562 3358 pedum
578 3289 695 3342 duorum
713 3288 796 3341 semis
814 3287 920 3355 equitis
936 3288 964 3340 in
985 3291 1171 3358 prolixiorem
1191 3296 1298 3365 priuci-
1382 3358 1385 3372 ¹

259 3383 366 3454 palium
384 3393 413 3436 et
431 3383 568 3452 praelecti
585 3383 751 3452 pedaturam
768 3380 919 3434 adhibetur
936 3382 984 3447 (cl.
1002 3383 1037 3435 ad
1058 3387 1127 3451 16),
1156 3398 1184 3460 et
1202 3391 1298 3457 quinta
1330 3448 1331 3452 ,

259 3490 328 3547 pars
344 3476 427 3545 pedis
446 3476 548 3546 peditis
567 3474 679 3543 aequali
697 3476 804 3529 ratione
822 3475 851 3526 in
872 3472 1037 3543 pedaturam
1057 3480 1230 3539 centurionis
1248 3485 1298 3538 ad-

258 3570 424 3638 hiberetur,
460 3571 515 3625 nisi
541 3570 568 3624 ei
593 3572 674 3626 locus
700 3571 829 3633 daretur,
866 3570 914 3637 qui
930 3566 1093 3641 'propterea
1117 3590 1219 3630 vacuus
1242 3588 1296 3645 est,

260 3664 337 3733 quod
358 3682 412 3718 non
428 3668 485 3732 100,
500 3666 549 3720 sed
569 3669 603 3723 80
622 3667 724 3721 milites
741 3668 770 3721 in
790 3666 916 3721 centuria
934 3676 997 3720 suut
1011 3669 1049 3733 (v.
1069 3685 1095 3738 p.
1108 3671 1186 3736 104.)
1219 3671 1297 3731 ιΗίιιο

259 3759 421 3827 explicatur
448 3763 581 3814 terminus
604 3762 715 3830 adjectu
740 3763 850 3832 quinta,
885 3776 942 3828 quo
960 3761 990 3814 in
1009 3761 1153 3828 equitibus
1170 3781 1232 3828 uon
1251 3770 1319 3822 es·'
1391 3828 1397 3836 ,

259 3866 322 3908 sent
338 3853 395 3916 usi,
413 3853 438 3908 si
455 3870 552 3909 revera
568 3855 678 3922 equites
695 3863 790 3910 ternos
804 3857 894 3926 pedes
907 3855 1091 3934 accepissent.

330 3950 372 4003 Ut
398 3929 608 4004 retenturam
634 3951 880 4021 computemus]
915 3951 1094 4006 Retenturam
1118 3969 1217 4008 revera
1237 3953 1297 4025 pri·

257 4058 347 4110 maur,
366 4043 489 4096 numeris
506 4043 644 4113 acceptia,
668 4054 809 4115 computat
827 4044 901 4096 iulra
919 4047 962 4099 al.

330 4138 503 4193 Cohortes
528 4137 702 4204 equitatus
719 4139 759 4191 ad
784 4152 956 4190 numerum
983 4139 1135 4208 peditum
1161 4140 1295 4211 redigi·

258 4233 343 4300 mus]
369 4232 523 4303 Rediqenda'
549 4231 664 4286 uerbum
688 4245 722 4284 ea
745 4228 874 4295 notione,
910 4245 991 4296 quam
1009 4231 1038 4285 h.
1056 4233 1076 4286 l.
1096 4244 1126 4287 et
1143 4237 1186 4291 16.
1213 4235 1297 4291 habet

1049 4368 1091 4438 ta
