3492 5242
910 657 997 748 101,

438 822 620 920 4144444
637 860 783 917 obstaculo
802 858 986 924 44444414.
1004 860 1049 925 44,
1069 861 1110 915 rr.
1137 857 1333 927 usbairan,
1351 862 1396 917 44.
1419 861 1477 918 su.

437 958 579 1024 111414).
616 954 749 1027 Hyginus
767 955 794 1008 h.
812 955 831 1011 Ι.
849 953 911 1010 4144
934 953 1024 1010 dubio
1047 955 1174 1011 44444144
1191 969 1246 1006 non
1265 952 1325 1013 vult
1341 954 1372 1009 in
1391 956 1479 1026 plano

323 1068 324 1072 ¹
436 1049 571 1108 constitui
592 1046 653 1103 uice
672 1047 755 1114 valli,
784 1046 834 1100 sed
852 1045 889 1100 ad
908 1047 1012 1103 vallum
1030 1045 1216 1101 extruendum
1233 1045 1377 1102 adhiberi.
1416 1050 1478 1104 Ne.

436 1160 492 1212 que
509 1142 584 1196 enim
603 1140 728 1196 cervolis
746 1154 818 1209 opus
836 1148 895 1207 est,
920 1137 1085 1210 sicespites
1104 1137 1253 1192 barbarum
1271 1139 1415 1210 radicibus
1433 1157 1480 1216 44.

437 1237 475 1294 114
491 1234 613 1291 firmiter
630 1234 817 1296 continentur.
869 1233 968 1290 Valles
985 1232 1175 1287 Romanorum
1193 1232 1345 1302 descripsit
1361 1249 1479 1290 accura-

437 1330 546 1394 tissime
562 1328 671 1400 Polyb.
688 1330 733 1396 18,
752 1330 792 1395 is,
818 1343 901 1394 quern
918 1325 1007 1381 latine
1025 1325 1109 1380 vertit
1125 1325 1192 1380 Liv.
1211 1329 1255 1389 33,
1271 1329 1298 1383 5.
1326 1327 1371 1384 01.
1389 1327 1478 1384 11444.

436 1422 470 1476 L.
489 1421 530 1483 L.
542 1423 569 1487 5,
590 1424 650 1476 117.
695 1419 822 1484 Vallum,
849 1421 896 1474 441
913 1420 994 1489 quod.
1003 1437 1036 1475 44
1052 1410 1185 1475 44414444
1202 1437 1281 1476 nemo
1297 1407 1405 1492 posset,
1431 1425 1480 1477 uel

437 1515 510 1587 pudd
534 1516 647 1585 simpulo
665 1514 707 1570 ibi
724 1519 849 1568 extrema
867 1513 973 1567 bacillo
991 1513 1137 1579 1444111414
1154 1513 1254 1569 babeat
1276 1517 1395 1585 fipuram
1414 1518 1479 1572 lits·

438 1627 489 1665 444
511 1611 547 1668 V.
566 1610 684 1664 044414
702 1609 891 1665 similitudine
915 1625 1049 1664 cornuum
1071 1609 1159 1664 cerat.
1194 1608 1264 1663 lsid.
1285 1610 1367 1678 Orig.
1390 1613 1434 1677 15,
1451 1613 1479 1666 9.

438 1701 552 1761 Vallum
569 1709 627 1770 441,
655 1704 728 1773 quod
745 1704 818 1758 mole
835 1710 931 1758 144444
949 1703 1087 1772 eripitur,
1114 1708 1145 1756 ut
1163 1703 1293 1758 custodia
1308 1706 1480 1774 praetendo·

339 1789 346 1852 ’.
438 1804 499 1864 tur,
516 1797 620 1851 dictum
638 1803 729 1851 eutem
745 1797 852 1850 oollam
869 1796 1001 1850 4441114.
1036 1797 1112 1851 Nom
1129 1796 1199 1850 nolli
1217 1797 1399 1863 frutectum,
1418 1801 1482 1868 pai-

438 1892 489 1956 bus
506 1892 610 1956 unllam
627 1891 759 1945 munitur.
794 1892 830 1945 Et
846 1891 1022 1957 callidicus,
1042 1892 1114 1960 quod
1129 1893 1251 1962 1944144
1267 1898 1296 1945 41
1312 1894 1480 1947 evelluntur.

323 2003 333 2013 -
384 1972 390 1982 ’
438 1985 485 2039 44.
505 1985 588 2052 ung.
607 1983 713 2051 aeorg.
731 1985 758 2044 a,
774 1984 818 2038 41.
851 1983 941 2038 stra
956 1982 1085 2053 apperiat
1103 1983 1176 2050 vag.
1196 1988 1221 2050 1,
1240 1985 1284 2038 44
1308 1987 1336 2052 4,
1354 1987 1380 2040 4.
1397 1965 1487 2054 vaste,

437 2082 464 2137 lt.
482 2098 505 2136 4.
524 2082 620 2147 sudes,
638 2082 683 2133 uel
699 2081 801 2135 tribuli
817 2078 914 2148 lipnei.
933 2075 1014 2130 0444.
1034 2076 1069 2130 Β.
1087 2075 1123 2130 0.
1140 2080 1167 2142 5,
1185 2079 1230 2133 tu.
1248 2077 1308 2132 alii.
1326 2086 1330 2098 “
1347 2081 1482 2134 Tribulo-

437 2192 501 2230 rum
519 2189 586 2228 usus
603 2172 679 2227 idem
697 2174 758 2228 1444
776 2184 838 2230 4441
854 2167 888 2228 44
904 2171 1091 2228 cervolorum.
1111 2171 1154 2225 01.
1166 2171 1240 2241 Veg.
1259 2173 1344 2233 114.
1370 2173 1482 2228 Herod.

438 2271 467 2338 4,
487 2270 530 2323 14.
558 2266 619 2320 Leo
636 2267 664 2335 4,
684 2269 728 2325 51.
754 2272 795 2336 11,
815 2271 857 2324 15.
883 2271 928 2335 11,
947 2269 990 2324 18.
1027 2265 1122 2321 Vallis
1140 2282 1176 2320 ex
1193 2264 1311 2334 antiqua
1327 2265 1484 2337 disciplina

410 2390 416 2401 ·
438 2376 551 2433 semper
569 2359 725 2428 utebantur,
743 2359 816 2414 adeo
835 2370 867 2415 nt
884 2358 992 2415 milites
1009 2374 1123 2430 semper
1140 2358 1230 2413 vallos
1248 2369 1395 2428 portarent
1404 2359 1483 2428 (1.14.

438 2473 484 2528 ep.
503 2457 547 2511 57.
573 2455 639 2509 ΡοΙ.
660 2465 691 2511 41
708 2453 773 2511 uiv.
793 2454 825 2509 ll.
844 2455 916 2519 cci,
941 2451 1050 2523 Hygini
1069 2464 1198 2523 tempore
1215 2469 1269 2509 uon
1286 2455 1365 2510 item.
1400 2454 1483 2515 ludi-

440 2558 486 2604 cst
503 2548 578 2602 enim
595 2548 672 2618 ipse,
690 2546 754 2601 fieri
774 2561 871 2616 posse,
891 2545 1044 2603 utcervoli
1063 2546 1157 2602 desint
1175 2550 1252 2612 (51).

508 2639 739 2707 Decurritur]
773 2637 961 2710 Impersouali
986 2637 1100 2711 passivo
1127 2639 1211 2708 huius
1237 2638 1319 2697 verbi
1345 2654 1413 2699 usus
1439 2650 1484 2696 est

443 2737 528 2802 etiam
546 2737 627 2793 0444.
645 2735 680 2792 B.
699 2735 732 2792 0.
750 2738 778 2804 1,
796 2738 823 2789 5.
871 2777 873 2781 .

509 2829 740 2898 Si-ccspes
767 2826 959 2895 frangitur]
1001 2828 1045 2884 01.
1064 2828 1138 2897 Veg.
1156 2831 1189 2897 3,
1206 2831 1233 2884 8.
1270 2831 1378 2887 Quodsi
1402 2837 1484 2885 14444

441 2924 563 2978 solutior
588 2924 690 2989 144411,
722 2904 755 2976 at¹
774 2922 813 2975 od
837 2905 1055 2975 similitudinem
1078 2923 1177 2977 1414414
1200 2939 1295 2992 cespes
1317 2930 1371 2978 14441
1390 2925 1485 2994 possit

442 3017 574 3070 abscindi
592 3045 653 3077 -.,
675 3017 745 3070 Tum
761 3014 871 3084 sepibus
890 3014 996 3077 ductis,
1013 3017 1058 3069 441
1074 3016 1252 3088 interpositis
1270 3019 1416 3086 stipitibus
1433 3035 1485 3072 ro·

441 3116 546 3185 mirque
566 3114 715 3179 orborum,
743 3117 873 3164 4414444
889 3110 1154 3180 144114411454144,
1179 3131 1265 3184 appar
1282 3112 1414 3183 eripitur.

510 3201 631 3276 Neque
662 3205 783 3278 lapide
810 3206 943 3262 mobili
968 3207 1048 3264 'nisi
1081 3197 1316 3282 compressum
1343 3207 1484 3277 vallum]

443 3305 513 3359 Nam
533 3304 614 3362 inea
632 3301 688 3358 soli
706 3314 819 3370 natura,
846 3306 927 3371 quam
947 3305 1032 3360 modo
1050 3305 1150 3375 attigit
1166 3305 1313 3376 Hyginus,
1335 3299 1401 3356 11441
1418 3311 1485 3372 pot-

434 3407 499 3470 est,
535 3408 566 3454 41
584 3398 696 3471 lapides
715 3398 835 3452 mobiles
856 3399 961 3470 adsint.
1006 3399 1132 3469 Lapides
1154 3399 1270 3452 mobiles
1287 3406 1351 3450 sunt
1373 3393 1486 3464 lapides

442 3498 529 3564 focile
543 3498 677 3561 mobiles,
694 3496 803 3566 esipni,
829 3510 902 3561 quos
920 3510 976 3549 uos
988 3492 1109 3548 dicimus
1129 3493 1235 3549 Gerbll.
1252 3493 1309 3558 (114
1329 3489 1429 3559 potius·
1440 3487 1486 3543 di·

424 3571 522 3648 'xerit
540 3590 671 3662 Hyginus
688 3590 814 3651 molari?
840 3588 885 3643 01.
907 3589 980 3656 Hyg.
999 3586 1035 3641 de
1053 3585 1126 3642 Lim.
1144 3587 1241 3642 04441.
1261 3604 1290 3658 p.
1310 3588 1371 3664 181.
1398 3585 1486 3655 bapi-

445 3691 493 3743 des
512 3690 662 3756 defigamus
681 3705 715 3741 44
737 3703 807 3741 sono
831 3684 915 3740 silice
940 3689 989 3738 aut
1013 3684 1126 3738 molari.
1155 3682 1198 3737 01.
1217 3697 1244 3750 p.
1263 3683 1323 3737 131.
1345 3680 1485 3736 144113.

448 3782 505 3836 144.
525 3782 663 3836 141155.
685 3781 744 3847 0.).
788 3780 835 3855 Hx
859 3776 1005 3848 lapidibus
1024 3775 1176 3830 mobilibus
1199 3776 1305 3828 vallum
1324 3772 1411 3828 aliter
1435 3788 1486 3826 ex-

447 3875 503 3929 trui
521 3873 633 3942 nequit,
662 3873 716 3930 nisi
737 3875 915 3929 contineatur
931 3887 1028 3926 eorum
1047 3886 1135 3938 agger
1152 3868 1283 3924 cervolis.
1318 3867 1422 3923 Schele
1439 3884 1488 3921 co·

445 3968 556 4038 pinsum
580 3967 652 4020 iiiud
676 3968 784 4022 codicis
803 3972 829 4022 Α
846 3965 1003 4023 contortius
1021 3965 1198 4036 explicabat,
1228 3962 1289 4034 ipse
1307 3954 1401 4018 144444
1420 3976 1488 4016 cou-

444 4064 516 4134 jecit
535 4065 733 4134 compositum,
768 4065 846 4133 quod
869 4066 965 4121 eadem
988 4064 1049 4117 iere
1071 4059 1187 4116 notione
1205 4056 1310 4114 dictum
1331 4056 1420 4122 14441,
1456 4071 1489 4109 44

377 4205 379 4208 .
446 4174 654 4230 compressam,
689 4159 766 4226 quod
789 4176 827 4213 ex
847 4160 898 4214 Bc
915 4157 1083 4230 recepimus.
1126 4155 1229 4209 Locum
1253 4149 1488 4220 compressionem

450 4252 528 4308 dixit
545 4253 626 4307 duct.
644 4251 701 4309 inc.
720 4254 781 4308 119.
801 4252 848 4306 G.
