3492 5242
819 653 906 736 155

352 861 525 918 consuetudo
543 858 759 916 :observabatum
787 858 863 928 ttyg.
873 860 945 914 154.
976 859 1060 932 Vara.
1079 859 1115 913 Ι..
1132 858 1166 914 Ι..
1186 861 1214 925 ⁷,
1232 863 1257 914 l.
1291 860 1387 916 Front.

353 959 415 1011 1⁰9.
439 955 523 1012 Serv.
540 953 680 1022 advirg.
699 952 805 1021 Georg.
824 957 848 1019 1,
869 944 960 1018 126.)st
986 953 1048 1008 Jam
1066 967 1148 1018 vero,
1166 951 1297 1021 quoniam
1315 952 1388 1008 anti·

352 1052 450 1119 quitus
467 1050 497 1104 in
518 1048 694 1104 occidentem
713 1059 855 1119 spectasse
877 1061 999 1117 augures
1020 1055 1145 1112 constat,
1178 1054 1275 1116 posteo
1296 1057 1388 1102 autem

352 1161 460 1200 omnem
483 1145 648 1214 relipt'onenr
671 1161 703 1198 eo
726 1152 888 1198 conuertere
913 1144 1036 1213 placuit,
1065 1144 1108 1195 —ea
1129 1157 1183 1210 quo
1207 1148 1288 1211 porte
1315 1142 1388 1196 coeli

351 1243 431 1291 terro
448 1238 634 1292 inluminatur
652 1237 739 1307 (Hya.
759 1236 796 1289 de
817 1235 891 1293 lna.
912 1235 1013 1290 conat:
1029 1235 1103 1299 15³,
1140 1250 1197 1301 quo
1214 1234 1243 1287 ia
1270 1236 1334 1289 loeo
1351 1236 1386 1289 0.

350 1329 497 1383 Mulieri.
516 1346 541 1384 c.
563 1346 590 1398 p.
609 1330 670 1395 tto,
687 1330 730 1382 st.
749 1328 824 1382 laiso
843 1328 976 1382 contusos
994 1327 1120 1382 Graecos
1138 1327 1210 1382 ritus
1227 1344 1288 1381 cum
1305 1329 1388 1385 luti-

351 1422 393 1474 cis
412 1421 563 1492 agnovisse
581 1419 639 1476 sibi
659 1419 826 1487 videbatnr;
851 1420 920 1472 hinc
936 1419 1035 1489 potins
1051 1418 1224 1490 explicanda
1241 1430 1333 1488 erant,
1358 1422 1387 1476 iu

350 1514 564 1594 quibuslraesit
582 1533 609 1586 p.
620 1519 709 1583 153),Ι
721 1517 876 1580 statuerim,
896 1514 1051 1581 antiquitus
1067 1528 1223 1567 mensorem
1241 1513 1269 1567 in
1289 1515 1390 1570 castris

352 1609 493 1664 metandis
510 1626 545 1664 ex
563 1610 702 1680 praeterii
720 1610 786 1663 loco
803 1609 923 1680 primum
941 1617 1042 1679 portae
1059 1607 1236 1670 decumanae,
1254 1624 1325 1676 qnae
1342 1625 1390 1663 oc·

351 1703 490 1772 sidentem
502 1703 653 1773 spectabat
670 1702 718 1769 (el.
734 1702 849 1770 Veg.'l,
862 1703 932 1765 13),
957 1701 1048 1754 iocum
1067 1700 1261 1767 constituisses
1293 1705 1403 1768 Atque*

350 1798 422 1851 haec
433 1797 556 1852 tortasse
563 1795 688 1865 Polybio
707 1806 820 1866 praeter
837 1795 1000 1850 facilitatem
1014 1794 1216 1866 descriptionis
1233 1810 1317 1850 eausa
1329 1802 1390 1848 erat

350 1897 419 1958 (non
437 1889 508 1956 sola,
527 1900 558 1944 ut
574 1899 653 1959 putat
664 1891 774 1946 Klenae
792 1892 874 1956 lat),
894 1905 945 1942 cnr
964 1887 994 1942 id
1013 1886 1085 1944 latus
1102 1897 1266 1954 castrorum,
1283 1887 1313 1941 iu
1332 1904 1389 1956 qno

351 1993 432 2053 porta
449 1983 600 2037 decumana
618 1993 688 2048 erat,
706 1983 826 2041 trentam
843 1983 1001 2054 appellaret
1014 1985 1051 2049 (6,
1062 1984 1125 2050 17).
1151 1983 1282 2036 Frontem
1300 1982 1390 2051 igitur

349 2077 512 2145 auguralem
525 2077 711 2148 descriptioni
723 2093 789 2132 suae
802 2078 980 2133 substruebat
990 2077 1141 2148 Polybius,
1159 2093 1214 2130 non
1228 2077 1389 2132 militarem.

348 2173 429 2228 Quae
446 2171 472 2225 si
492 2187 558 2226 vera
580 2181 658 2236 suut,
693 2179 776 2241 porta
799 2168 901 2224 dextra
918 2179 946 2225 et
966 2168 1082 2223 sinistre
1104 2167 1219 2224 inverso
1243 2171 1344 2226 ordine
1359 2171 1390 2226 iu

350 2263 451 2319 castris
469 2263 637 2335 Polybianis
654 2261 816 2319 statuendae
833 2271 916 2314 erunt
933 2277 994 2314 curn
1009 2261 1131 2315 Klenzio
1149 2263 1222 2329 141..
1241 2276 1325 2332 atque
1342 2279 1391 2319 aas

351 2361 507 2413 statuerunt
524 2356 640 2425 Lipsius
657 2366 688 2412 et
704 2354 845 2411 Schelius.
891 2354 1000 2408 Postea
1022 2364 1129 2421 autera,
1161 2370 1222 2408 cnut
1241 2356 1276 2408 ad
1297 2357 1391 2410 orien-

351 2463 406 2508 tem
425 2468 534 2506 omnem
549 2450 718 2520 religionem
731 2449 804 2505 rerti
821 2448 990 2519 placuisset,
1010 2449 1072 2504 siue
1086 2448 1176 2503 dubio
1193 2458 1291 2518 portae
1309 2465 1390 2521 prae·

351 2547 443 2602 toriae
461 2547 552 2600 loenrn
572 2544 699 2615 primum·
710 2545 855 2601 constituit
872 2559 993 2602 mensor.
1037 2544 1104 2599 Earn
1124 2543 1199 2597 enim
1217 2552 1265 2598 aut
1283 2545 1390 2613 hostes,

349 2650 398 2697 out
416 2644 556 2697 orientem*
570 2651 716 2709 spectare,
735 2641 803 2693 rel·
814 2640 850 2693 ad
868 2638 1020 2708 :Vegetium
1039 2643 1078 2704 (1,
1096 2638 1242 2704 tatiana
1261 2639 1388 2710 pertulit.

351 2737 431 2790 Hanc
451 2734 541 2802 igitur
564 2733 702 2788 rationem
720 2739 833 2786 secutus
853 2747 914 2786 sum
933 2732 961 2784 iu
985 2730 1155 2801 appellanda
1182 2741 1264 2800 porta
1286 2732 1390 2789 dextra

351 2838 380 2883 et
396 2825 526 2893 sinistra,
544 2825 673 2892 reliquis.
708 2826 986 2894 Argumentationem
1002 2840 1089 2882 meatu
1107 2823 1157 2892 qui
1175 2837 1307 2882 accurate
1323 2843 1390 2896 per·

350 2932 465 2976 secutus
480 2919 554 2986 erit,
579 2919 739 2988 intelliget,
761 2922 817 2989 iam
834 2916 992 2989 explicari,
1013 2933 1064 2981 cur
1082 2928 1167 2990 porta
1184 2929 1248 2990 post
1265 2930 1390 2977 retentu·

350 3031 409 3069 ram
427 3013 579 3075 constituta
595 3014 736 3085 appellata
753 3013 791 3070 sit
807 3016 974 3076 decumana,
1004 3027 1060 3066 non
1080 3025 1160 3082 porta
1178 3024 1242 3069 ante
1259 3025 1389 3084 praeten-

349 3118 438 3162 turam
456 3107 617 3165 constituta.
668 3107 746 3163 Illud
772 3107 847 3161 enim
872 3124 975 3162 nomen
994 3107 1150 3174 annouitos
1167 3093 1198 3162 ¹ei
1223 3119 1321 3178 portae
1339 3110 1390 3164 da·

351 3201 448 3267 batur,
474 3203 693 3271 quam-primam
711 3201 777 3257 laxit
794 3217 915 3256 mensor.
962 3200 1082 3267 Postea,
1113 3200 1256 3268 religione
1273 3202 1308 3255 ad
1329 3203 1388 3256 ori-

350 3304 442 3348 entem
459 3310 611 3361 conversa,
635 3310 734 3349 nomen
752 3304 842 3349 tamea
859 3281 1005 3358 antiquum
1022 3292 1132 3348 mansit.
1167 3294 1269 3361 ltaque
1285 3294 1390 3361 injuria

353 3389 463 3443 Klenae
476 3390 557 3456 (139.)
575 3397 725 3458 propterea
742 3385 814 3438 viam
832 3382 1001 3454 praetoriam
1019 3397 1083 3438 ease
1098 3384 1280 3462 decumanum
1298 3385 1389 3442 maxi·

350 3498 423 3538 mum
442 3479 572 3549 negavit,
603 3481 679 3550 quod
698 3480 766 3534 inde
785 3489 968 3547 sequeretur,
1002 3487 1032 3533 ut
1049 3477 1120 3533 duna
1139 3489 1238 3546 portae
1256 3481 1388 3536 decuma·

350 3595 403 3632 nae
419 3574 606 3647 appellandae
622 3575 747 3630 luissent.
763 3590 765 3595 ¹
779 3575 898 3630 Klenaii
917 3573 1080 3629 sententiam
1098 3572 1225 3629 deseruit
1236 3576 1306 3641 jara,
1326 3590 1388 3629 cum

350 3675 385 3727 0.
407 3669 535 3726 Miilieru
553 3667 675 3735 iaciens,
711 3668 822 3737 Pluad,
855 3669 1029 3731 altitullrcde
1052 3667 1334 3724 memoltertiinrrr
1356 3668 1388 3724 ia

350 3772 403 3825 der
419 3767 576 3823 manucla·
593 3766 679 3834 Saga.
701 3764 830 3820 Weimar
847 3766 923 3819 1811.
942 3780 970 3832 p.
988 3764 1047 3819 120.
1101 3761 1142 3816 Ea
1160 3777 1386 3831 qaoqueoansa,

350 3870 564 3932 quamsecutus
581 3859 690 3914 Klenae
708 3858 841 3927 ((1111.)
859 3855 972 3922 statuit,
1008 3872 1165 3911 mensorem
1183 3871 1295 3926 semper
1318 3873 1386 3927 por·
1437 3919 1438 3922 Ἴ

351 3969 413 4012 tam
425 3955 605 4010 decumanam
623 3953 741 4023 priam
756 3950 869 4017 fixisse,
888 3952 965 4006 nulla
983 3944 1033 4007 est'
1064 3951 1097 4033 Si
1117 3952 1191 4007 euim
1208 3953 1284 4007 malo
1298 3954 1386 4008 omini

351 4051 438 4105 luerit
456 4051 548 4103 hostes
570 4062 666 4101 venus
684 4046 829 4116 regionem
852 4046 973 4115 intueri,
1002 4063 1094 4114 aeque
1111 4055 1190 4103 certe
1207 4049 1281 4103 malo
1298 4048 1385 4102 omini

351 4144 438 4214 saepit
450 4146 541 4199 locum
554 4141 769 4212 suppliciorum,
787 4144 837 4212 qni
850 4152 915 4213 post
929 4150 1035 4212 portam
1050 4143 1229 4199 decumam
1244 4140 1383 4209 eattveg.

352 4226 379 4304 i,
397 4240 454 4305 11.)
462 4275 477 4304 ,.
489 4238 604 4294 intueri.
635 4237 782 4306 Ceterum
810 4252 883 4304 quae
899 4237 936 4295 de
953 4236 1010 4293 aitu
1028 4247 1169 4306 portarum
1187 4253 1203 4291 a
1221 4234 1385 4306 regionibus
