3492 5242
832 651 1021 737 tau.

350 851 424 921 apud
445 851 598 927 Hyginum.
651 854 746 918 Atque
765 849 838 904 baud
864 851 926 906 scio
944 867 978 905 aa
996 851 1027 907 id
1047 868 1176 922 qnoque,
1204 839 1292 922 naon
1304 870 1395 924 supra

351 961 421 999 voce
438 947 548 1015 reliqua
565 955 594 1000 et
612 939 812 998 veterinarium
830 953 859 998 et
883 943 1017 999 lubricam
1035 947 1252 1018 conprehendit
1275 959 1306 1005 et
1324 950 1395 1006 isira

351 1042 395 1096 3⁵.
413 1038 497 1092 dicit:
533 1057 594 1094 cam
612 1039 747 1109 paulurn
766 1037 986 1104 valetudinarii,
1018 1043 1188 1098 veterinarii
1205 1049 1238 1097 el
1255 1044 1395 1111 raone«,

353 1133 468 1203 probet,
504 1133 702 1190 veterinarium
727 1143 758 1190 et
783 1131 917 1188 lubricam
935 1135 1086 1202 conjuncta
1111 1151 1164 1206 pro
1186 1137 1278 1193 altera
1300 1137 1397 1209 specie

353 1228 462 1283 baberi.
1031 1225 1036 1235 '

421 1509 624 1565 vexillarii
642 1511 830 1584 legionum]
852 1512 1077 1568 vexillariorum
1095 1513 1154 1567 duo
1166 1529 1277 1582 genera
1294 1510 1396 1571 araia-

352 1605 465 1672 guenda
482 1619 543 1658 esse
559 1615 667 1662 constat
684 1607 773 1673 (illel.
791 1614 856 1662 mul.
874 1609 919 1663 lb.
938 1608 1015 1674 lb),
1053 1604 1174 1675 Utrique
1192 1618 1287 1661 tamn
1307 1607 1395 1675 legio·

353 1698 425 1752 uarii
445 1698 569 1764 fuerant,
587 1711 760 1773 quapropter
777 1702 806 1754 b.
826 1701 844 1754 Ι.
863 1711 894 1755 et
910 1701 953 1756 24.
970 1700 1117 1755 vexillarii
1133 1701 1278 1770 legionum
1297 1701 1396 1757 dicun·

355 1804 409 1848 tur.
461 1791 619 1849 vexillarii
644 1793 675 1846 bi
696 1795 803 1862 Hygini
830 1810 885 1847 non
910 1804 974 1848 sunt
998 1797 1145 1852 vexillarii
1169 1814 1208 1851 ex
1231 1798 1395 1868 legionibus

351 1871 480 1953 delecti,
523 1903 585 1940 nam
612 1888 682 1942 illos
710 1887 878 1942 vexillarios
906 1888 993 1943 multa
1024 1889 1228 1963 impedimenta
1254 1892 1394 1960 habuisse,

353 1998 409 2036 non
428 1991 472 2036 est
490 1981 652 2051 probabile,
670 1981 801 2048 quoniam
819 1981 932 2050 saepius
950 1992 1078 2051 tanquam
1095 1984 1300 2057 expeditiores
1316 2002 1394 2056 prae·

271 2136 275 2149 ¹
353 2075 538 2131 mittebantur
556 2076 635 2140 (Tac.¹
652 2076 727 2131 illst.
745 2081 770 2143 l,
789 2079 814 2133 6.
833 2079 859 2143 2,
877 2080 944 2144 ou).
997 2080 1103 2135 contra
1120 2080 1295 2136 vexillarios
1311 2096 1395 2136 exaa-

354 2180 477 2226 cloratos
496 2171 579 2240 plura
596 2171 797 2241 impedimenta
813 2173 947 2228 babuisse
969 2175 1030 2229 veri
1049 2173 1142 2230 simila
1159 2186 1219 2242 eat,
1246 2176 1318 2244 quia
1335 2177 1394 2246 pri·

355 2263 470 2331 vilegiis
488 2264 679 2334 compluribus
696 2264 862 2321 fruebantur
880 2267 959 2333 (Tac.
978 2269 1052 2322 Ano.
1067 2273 1092 2334 1,
1101 2269 1165 2336 au).
1201 2267 1288 2324 Quod
1307 2278 1395 2324 aute·

319 2388 321 2391 ·
353 2359 486 2433 Hyginus
504 2359 591 2428 dicit,
618 2360 739 2428 legatum
758 2361 974 2415 vexillariorum
992 2377 1046 2416 nou
1066 2379 1141 2429 esse,
1170 2360 1238 2418 inde
1256 2363 1394 2433 colligen-

353 2456 495 2520 domest,
514 2453 544 2508 in
564 2452 731 2508 vexillarios
749 2463 947 2528 exauctoratos
963 2454 1086 2523 legatum
1106 2455 1228 2524 legionis
1245 2455 1345 2524 illius,
1366 2455 1393 2513 in

354 2565 411 2618 qua
430 2559 511 2602 antea
527 2547 655 2614 inerant,
681 2547 829 2616 imperium
849 2563 904 2600 uon
920 2549 977 2616 jam
994 2548 1140 2615 habuisse,
1159 2548 1190 2603 id
1209 2550 1290 2618 quod
1310 2550 1393 2606 baui-

354 2657 492 2709 quaquam
516 2641 651 2695 absonum
677 2655 740 2695 esse
757 2639 852 2707 quivis
876 2637 1034 2712 intelliget,
1069 2643 1119 2711 qui
1138 2643 1314 2712 singularem
1330 2660 1393 2701 eoa·

355 2736 506 2803 ditionem,
525 2749 581 2801 qua
598 2733 673 2804 apud
691 2732 847 2788 exercitum
867 2732 1057 2791 retinebantur
1074 2737 1159 2802 (llial.
1179 2743 1245 2794 mul.
1265 2739 1336 2807 45),
1353 2753 1393 2792 re·

335 2828 511 2902 'putaverit
933 2892 939 2905 x

423 2903 512 2980 Ouia
530 2920 571 2975 ad
590 2931 832 2978 sexcenteno·
851 2922 1008 2978 homiues
1026 2922 1282 2994 computantur]
1309 2923 1392 2983 Sall.

354 3016 390 3070 ad
409 3014 485 3084 ch.
502 3014 590 3069 Prob.
608 3015 634 3068 ὅ.
652 3024 682 3069 et
698 3015 733 3068 tie
750 3032 782 3069 re
800 3017 861 3070 mil.
879 3031 940 3087 cap.
960 3020 1001 3071 19.
1021 3017 1136 3086 (Graev.
1155 3019 1226 3073 thes.
1245 3018 1288 3084 X,
1309 3020 1392 3085 lm)

355 3106 476 3176 corrigit
493 3109 574 3178 guod.
609 3105 666 3160 Sed
685 3107 751 3176 quia
769 3107 832 3162 sine
848 3107 936 3162 dubio
953 3110 1067 3165 facilius
1084 3121 1135 3166 ast
1169 3109 1250 3165 Idem
1268 3112 1344 3168 laiso
1358 3128 1392 3169 u

352 3201 407 3255 boc
427 3201 493 3256 loco
511 3198 647 3267 collegit,
683 3198 850 3257 vexillarios
867 3201 943 3272 apud
960 3203 1084 3272 singulas
1101 3205 1230 3272 legiones
1247 3219 1315 3263 esse
1331 3222 1402 3262 sext

354 3304 486 3350 centenos
502 3294 549 3363 (cf.
568 3312 595 3364 p.
616 3295 695 3356 wll.)-
744 3293 847 3351 Schele
864 3295 996 3353 Salmaaii
1020 3314 1146 3353 errorem
1164 3297 1299 3367 detexit,
1334 3299 1393 3371 inve

354 3403 444 3450 umen
461 3392 491 3447 in
509 3409 543 3447 eo
560 3390 681 3458 erravit,
697 3389 772 3458 quod
792 3408 879 3445 cauea
896 3392 1154 3462 impedimentorum
1172 3390 1345 3449 vexillarios
1358 3392 1390 3449 ai

353 3486 482 3543 homines
500 3497 685 3542 sexcentenas
707 3497 882 3557 computatos
899 3485 980 3543 dicit
1025 3485 1227 3555 computamur
1245 3487 1344 3555 potius
1358 3486 1390 3543 ai

353 3597 416 3637 eum
434 3597 576 3636 numerum
599 3590 630 3637 ut
651 3579 782 3634 cobortes
800 3594 914 3647 quoque
931 3578 1123 3648 legionariae,
1155 3576 1260 3644 quibus
1278 3594 1392 3637 numo

355 3691 439 3747 pares
456 3687 520 3731 sunt
536 3676 584 3744 (cl.
605 3677 674 3731 Tac.
691 3678 766 3730 Anu.
785 3678 813 3738 8,
828 3677 894 3744 ab).
939 3675 1037 3732 Verba
1055 3682 1256 3744 contraeontra
1273 3676 1392 3748 impedi·

355 3778 509 3826 mentorum
525 3784 635 3823 causmn
654 3769 813 3836 continent,
831 3786 883 3823 cur
900 3770 974 3823 intra
991 3767 1064 3822 viam
1079 3766 1237 3836 augularem
1252 3769 1377 3827 modunl

424 3860 658 3930 Utdixaram,
691 3877 797 3933 super
819 3862 982 3915 cohortes
1007 3859 1145 3930 primas]
1180 3859 1227 3914 Aa
1253 3862 1392 3919 verbani

355 3956 486 4011 dixeram
511 3955 548 4011 ci.
566 3957 593 4010 9.
614 3955 657 4009 lu.
681 3965 709 4009 at
737 3955 809 4025 prol.
826 3957 872 4022 59,
891 3957 950 4011 lul.
1002 3947 1187 4024 Rutgersius,
1226 3957 1300 4014 Ver.
1316 3960 1390 4015 leni

354 4050 416 4106 430.
434 4048 609 4116 corrigebat:
643 4055 674 4102 ut
693 4049 822 4104 dixeram
841 4066 944 4120 supra,
970 4049 1095 4106 cohortis
1112 4051 1160 4105 uia
1181 4050 1305 4120 prim
1350 4048 1390 4107 Ιο

355 4143 447 4214 capite
474 4144 559 4200 multa
585 4141 697 4197 omnino
728 4141 765 4197 de
791 4141 846 4197 viis
876 4140 1065 4199 castrensibus
1090 4142 1248 4200 hariolatus
1277 4154 1325 4203 aa
1348 4143 1412 4215 vir¹

355 4237 464 4296 doetus
